<?xml version="1.0" encoding="UTF-8" standalone="no"?>
<Document xmlns="urn:iso:std:iso:20022:tech:xsd:camt.053.001.02" xmlns:xsi="http://www.w3.org/2001/XMLSchema-instance"><BkToCstmrStmt><GrpHdr><MsgId>GIBASKBX-230312-SEPAXML~22307000</MsgId><CreDtTm>2023-03-12T23:26:26.0+01:00</CreDtTm><MsgRcpt><Nm>Papezske misijne diela</Nm><PstlAdr><StrtNm>Lazaretska  32</StrtNm><PstCd>81109</PstCd><TwnNm>Bratislava - Stare Mesto</TwnNm><Ctry>SK</Ctry></PstlAdr><Id><OrgId><Othr><Id>Papezske misijne diela</Id></Othr></OrgId></Id></MsgRcpt></GrpHdr><Stmt><Id>SK8809000000005149764503-2023-03-12</Id><ElctrncSeqNb>71</ElctrncSeqNb><LglSeqNb>71</LglSeqNb><CreDtTm>2023-03-12T23:26:26.0+01:00</CreDtTm><FrToDt><FrDtTm>2023-03-12T00:00:00.0+01:00</FrDtTm><ToDtTm>2023-03-12T23:59:59.0+01:00</ToDtTm></FrToDt><Acct><Id><IBAN>SK8809000000005149764503</IBAN></Id><Ccy>EUR</Ccy><Nm>Papezske misijne diela</Nm><Ownr><Nm>Papezske misijne diela</Nm><PstlAdr><StrtNm>Lazaretska  32</StrtNm><PstCd>81109</PstCd><TwnNm>Bratislava - Stare Mesto</TwnNm><Ctry>SK</Ctry></PstlAdr><Id><OrgId><Othr><Id>Papezske misijne diela</Id></Othr></OrgId></Id></Ownr><Svcr><FinInstnId><BIC>GIBASKBX</BIC><Nm>Slovenska sporitelna, a.s.</Nm><PstlAdr><StrtNm>Tomasikova</StrtNm><BldgNb>48</BldgNb><PstCd>83237</PstCd><TwnNm>Bratislava</TwnNm><Ctry>SK</Ctry></PstlAdr><Othr><Id>0900</Id></Othr></FinInstnId></Svcr></Acct><Bal><Tp><CdOrPrtry><Cd>PRCD</Cd></CdOrPrtry></Tp><Amt Ccy="EUR">2927526.77</Amt><CdtDbtInd>CRDT</CdtDbtInd><Dt><Dt>2023-03-12</Dt></Dt></Bal><Bal><Tp><CdOrPrtry><Cd>CLBD</Cd></CdOrPrtry></Tp><Amt Ccy="EUR">2930266.77</Amt><CdtDbtInd>CRDT</CdtDbtInd><Dt><Dt>2023-03-12</Dt></Dt></Bal><Bal><Tp><CdOrPrtry><Cd>CLAV</Cd></CdOrPrtry></Tp><CdtLine><Incl>true</Incl><Amt Ccy="EUR">0</Amt></CdtLine><Amt Ccy="EUR">2930266.77</Amt><CdtDbtInd>CRDT</CdtDbtInd><Dt><Dt>2023-03-12</Dt></Dt></Bal><TxsSummry><TtlNtries><NbOfNtries>52</NbOfNtries><Sum>2740</Sum><TtlNetNtryAmt>2740</TtlNetNtryAmt><CdtDbtInd>CRDT</CdtDbtInd></TtlNtries><TtlCdtNtries><NbOfNtries>52</NbOfNtries><Sum>2740</Sum></TtlCdtNtries><TtlDbtNtries><NbOfNtries>0</NbOfNtries><Sum>0</Sum></TtlDbtNtries></TxsSummry>
<Ntry><NtryRef>2307050000032735</NtryRef><Amt Ccy="EUR">150</Amt><CdtDbtInd>CRDT</CdtDbtInd><RvslInd>false</RvslInd><Sts>BOOK</Sts><BookgDt><Dt>2023-03-12</Dt></BookgDt><ValDt><Dt>2023-03-11</Dt></ValDt><BkTxCd><Prtry><Cd>10000405000</Cd><Issr>SBA</Issr></Prtry></BkTxCd><NtryDtls><TxDtls><Refs><AcctSvcrRef>F001120320234581670</AcctSvcrRef><EndToEndId>/VS77793164/SS/KS</EndToEndId></Refs><BkTxCd><Prtry><Cd>10000405000</Cd><Issr>SBA</Issr></Prtry></BkTxCd><RltdPties><DbtrAcct><Id><IBAN>SK4402000000006387845012</IBAN></Id><Nm>Viera Hajdakova</Nm></DbtrAcct><CdtrAcct><Id><IBAN>SK8809000000005149764503</IBAN></Id><Nm>Papezske misijne diela</Nm></CdtrAcct></RltdPties><RltdAgts><DbtrAgt><FinInstnId><BIC>SUBASKBX</BIC></FinInstnId></DbtrAgt><CdtrAgt><FinInstnId><BIC>GIBASKBX</BIC></FinInstnId></CdtrAgt></RltdAgts><RmtInf><Ustrd>Bezhotovostny vklad-okamzita platba</Ustrd></RmtInf></TxDtls></NtryDtls></Ntry>
<Ntry><NtryRef>OO23031100020452</NtryRef><Amt Ccy="EUR">15</Amt><CdtDbtInd>CRDT</CdtDbtInd><RvslInd>false</RvslInd><Sts>BOOK</Sts><BookgDt><Dt>2023-03-12</Dt></BookgDt><ValDt><Dt>2023-03-11</Dt></ValDt><BkTxCd><Prtry><Cd>10000405000</Cd><Issr>SBA</Issr></Prtry></BkTxCd><NtryDtls><TxDtls><Refs><AcctSvcrRef>F001120320234585476</AcctSvcrRef><EndToEndId>/VS200/SS/KS</EndToEndId></Refs><BkTxCd><Prtry><Cd>10000405000</Cd><Issr>SBA</Issr></Prtry></BkTxCd><RltdPties><DbtrAcct><Id><IBAN>SK2311000000002615291683</IBAN></Id><Nm>Karlubikova Maria</Nm></DbtrAcct><CdtrAcct><Id><IBAN>SK8809000000005149764503</IBAN></Id><Nm>Papezske misijne diela</Nm></CdtrAcct></RltdPties><RltdAgts><DbtrAgt><FinInstnId><BIC>TATRSKBX</BIC></FinInstnId></DbtrAgt><CdtrAgt><FinInstnId><BIC>GIBASKBX</BIC></FinInstnId></CdtrAgt></RltdAgts><RmtInf><Ustrd>Maria Bekenyiova</Ustrd></RmtInf></TxDtls></NtryDtls></Ntry>
<Ntry><NtryRef>FSY0014586250</NtryRef><Amt Ccy="EUR">100</Amt><CdtDbtInd>CRDT</CdtDbtInd><RvslInd>false</RvslInd><Sts>BOOK</Sts><BookgDt><Dt>2023-03-12</Dt></BookgDt><ValDt><Dt>2023-03-11</Dt></ValDt><BkTxCd><Prtry><Cd>10000403000</Cd><Issr>SBA</Issr></Prtry></BkTxCd><NtryDtls><TxDtls><Refs><AcctSvcrRef>F001120320234586254</AcctSvcrRef><EndToEndId>/VS6767/SS/KS</EndToEndId></Refs><BkTxCd><Prtry><Cd>10000403000</Cd><Issr>SBA</Issr></Prtry></BkTxCd><RltdPties><DbtrAcct><Id><IBAN>SK9809000000000231719987</IBAN></Id><Nm>Krsiakova Valeria</Nm></DbtrAcct><CdtrAcct><Id><IBAN>SK8809000000005149764503</IBAN></Id><Nm>Papezske misijne diela</Nm></CdtrAcct></RltdPties><RltdAgts><DbtrAgt><FinInstnId><BIC>GIBASKBX</BIC></FinInstnId></DbtrAgt><CdtrAgt><FinInstnId><BIC>GIBASKBX</BIC></FinInstnId></CdtrAgt></RltdAgts><RmtInf><Ustrd>Ruzenske bratsvo pri kostole Krista Krala Cierne Klacany- milodar pomoc pre Syriu a Turecko</Ustrd></RmtInf></TxDtls></NtryDtls></Ntry>
<Ntry><NtryRef>FSY0014586976</NtryRef><Amt Ccy="EUR">150</Amt><CdtDbtInd>CRDT</CdtDbtInd><RvslInd>false</RvslInd><Sts>BOOK</Sts><BookgDt><Dt>2023-03-12</Dt></BookgDt><ValDt><Dt>2023-03-11</Dt></ValDt><BkTxCd><Prtry><Cd>10000403000</Cd><Issr>SBA</Issr></Prtry></BkTxCd><NtryDtls><TxDtls><Refs><AcctSvcrRef>F001120320234586988</AcctSvcrRef><EndToEndId>/VS77793166/SS/KS</EndToEndId></Refs><BkTxCd><Prtry><Cd>10000403000</Cd><Issr>SBA</Issr></Prtry></BkTxCd><RltdPties><DbtrAcct><Id><IBAN>SK6809000000005047547815</IBAN></Id><Nm>Kleinova Patricia</Nm></DbtrAcct><CdtrAcct><Id><IBAN>SK8809000000005149764503</IBAN></Id><Nm>Papezske misijne diela</Nm></CdtrAcct></RltdPties><RltdAgts><DbtrAgt><FinInstnId><BIC>GIBASKBX</BIC></FinInstnId></DbtrAgt><CdtrAgt><FinInstnId><BIC>GIBASKBX</BIC></FinInstnId></CdtrAgt></RltdAgts><RmtInf><Ustrd>PAY by square 77793166</Ustrd></RmtInf></TxDtls></NtryDtls></Ntry>
<Ntry><NtryRef>FSY0014642416</NtryRef><Amt Ccy="EUR">5</Amt><CdtDbtInd>CRDT</CdtDbtInd><RvslInd>false</RvslInd><Sts>BOOK</Sts><BookgDt><Dt>2023-03-12</Dt></BookgDt><ValDt><Dt>2023-03-12</Dt></ValDt><BkTxCd><Prtry><Cd>10000403000</Cd><Issr>SBA</Issr></Prtry></BkTxCd><NtryDtls><TxDtls><Refs><AcctSvcrRef>F001120320234642452</AcctSvcrRef><EndToEndId>NOTPROVIDED</EndToEndId></Refs><BkTxCd><Prtry><Cd>10000403000</Cd><Issr>SBA</Issr></Prtry></BkTxCd><RltdPties><DbtrAcct><Id><IBAN>SK2409000000000178851566</IBAN></Id><Nm>Lackova Lucia</Nm></DbtrAcct><CdtrAcct><Id><IBAN>SK8809000000005149764503</IBAN></Id><Nm>Papezske misijne diela</Nm></CdtrAcct></RltdPties><RltdAgts><DbtrAgt><FinInstnId><BIC>GIBASKBX</BIC></FinInstnId></DbtrAgt><CdtrAgt><FinInstnId><BIC>GIBASKBX</BIC></FinInstnId></CdtrAgt></RltdAgts><RmtInf><Ustrd>Bezhotovostny vklad</Ustrd></RmtInf></TxDtls></NtryDtls></Ntry>
<Ntry><NtryRef>FSY0014646177</NtryRef><Amt Ccy="EUR">5</Amt><CdtDbtInd>CRDT</CdtDbtInd><RvslInd>false</RvslInd><Sts>BOOK</Sts><BookgDt><Dt>2023-03-12</Dt></BookgDt><ValDt><Dt>2023-03-12</Dt></ValDt><BkTxCd><Prtry><Cd>10000403000</Cd><Issr>SBA</Issr></Prtry></BkTxCd><NtryDtls><TxDtls><Refs><AcctSvcrRef>F001120320234646244</AcctSvcrRef><EndToEndId>/VS100/SS/KS</EndToEndId></Refs><BkTxCd><Prtry><Cd>10000403000</Cd><Issr>SBA</Issr></Prtry></BkTxCd><RltdPties><DbtrAcct><Id><IBAN>SK7209000000005046822862</IBAN></Id><Nm>Kisela Vladimir</Nm></DbtrAcct><CdtrAcct><Id><IBAN>SK8809000000005149764503</IBAN></Id><Nm>Papezske misijne diela</Nm></CdtrAcct></RltdPties><RltdAgts><DbtrAgt><FinInstnId><BIC>GIBASKBX</BIC></FinInstnId></DbtrAgt><CdtrAgt><FinInstnId><BIC>GIBASKBX</BIC></FinInstnId></CdtrAgt></RltdAgts><RmtInf><Ustrd>vkisela@gmail.com</Ustrd></RmtInf></TxDtls></NtryDtls></Ntry>
<Ntry><NtryRef>FSY0014646285</NtryRef><Amt Ccy="EUR">5</Amt><CdtDbtInd>CRDT</CdtDbtInd><RvslInd>false</RvslInd><Sts>BOOK</Sts><BookgDt><Dt>2023-03-12</Dt></BookgDt><ValDt><Dt>2023-03-12</Dt></ValDt><BkTxCd><Prtry><Cd>10000403000</Cd><Issr>SBA</Issr></Prtry></BkTxCd><NtryDtls><TxDtls><Refs><AcctSvcrRef>F001120320234646321</AcctSvcrRef><EndToEndId>/VS200/SS/KS</EndToEndId></Refs><BkTxCd><Prtry><Cd>10000403000</Cd><Issr>SBA</Issr></Prtry></BkTxCd><RltdPties><DbtrAcct><Id><IBAN>SK7209000000005046822862</IBAN></Id><Nm>Kisela Vladimir</Nm></DbtrAcct><CdtrAcct><Id><IBAN>SK8809000000005149764503</IBAN></Id><Nm>Papezske misijne diela</Nm></CdtrAcct></RltdPties><RltdAgts><DbtrAgt><FinInstnId><BIC>GIBASKBX</BIC></FinInstnId></DbtrAgt><CdtrAgt><FinInstnId><BIC>GIBASKBX</BIC></FinInstnId></CdtrAgt></RltdAgts><RmtInf><Ustrd>vkisela@gmail.com</Ustrd></RmtInf></TxDtls></NtryDtls></Ntry>
<Ntry><NtryRef>FSY0014697285</NtryRef><Amt Ccy="EUR">20</Amt><CdtDbtInd>CRDT</CdtDbtInd><RvslInd>false</RvslInd><Sts>BOOK</Sts><BookgDt><Dt>2023-03-12</Dt></BookgDt><ValDt><Dt>2023-03-12</Dt></ValDt><BkTxCd><Prtry><Cd>10000403000</Cd><Issr>SBA</Issr></Prtry></BkTxCd><NtryDtls><TxDtls><Refs><AcctSvcrRef>F001120320234697332</AcctSvcrRef><EndToEndId>/VS100/SS/KS</EndToEndId></Refs><BkTxCd><Prtry><Cd>10000403000</Cd><Issr>SBA</Issr></Prtry></BkTxCd><RltdPties><DbtrAcct><Id><IBAN>SK3709000000000424488118</IBAN></Id><Nm>Durcansky Peter</Nm></DbtrAcct><CdtrAcct><Id><IBAN>SK8809000000005149764503</IBAN></Id><Nm>Papezske misijne diela</Nm></CdtrAcct></RltdPties><RltdAgts><DbtrAgt><FinInstnId><BIC>GIBASKBX</BIC></FinInstnId></DbtrAgt><CdtrAgt><FinInstnId><BIC>GIBASKBX</BIC></FinInstnId></CdtrAgt></RltdAgts><RmtInf><Ustrd>pdurcansky@gmail.com, dar</Ustrd></RmtInf></TxDtls></NtryDtls></Ntry>
<Ntry><NtryRef>FSY0014779372</NtryRef><Amt Ccy="EUR">5</Amt><CdtDbtInd>CRDT</CdtDbtInd><RvslInd>false</RvslInd><Sts>BOOK</Sts><BookgDt><Dt>2023-03-12</Dt></BookgDt><ValDt><Dt>2023-03-12</Dt></ValDt><BkTxCd><Prtry><Cd>10000403000</Cd><Issr>SBA</Issr></Prtry></BkTxCd><NtryDtls><TxDtls><Refs><AcctSvcrRef>F001120320234779401</AcctSvcrRef><EndToEndId>/VS200/SS/KS</EndToEndId></Refs><BkTxCd><Prtry><Cd>10000403000</Cd><Issr>SBA</Issr></Prtry></BkTxCd><RltdPties><DbtrAcct><Id><IBAN>SK3009000000000322109885</IBAN></Id><Nm>Krivdova Martina</Nm></DbtrAcct><CdtrAcct><Id><IBAN>SK8809000000005149764503</IBAN></Id><Nm>Papezske misijne diela</Nm></CdtrAcct></RltdPties><RltdAgts><DbtrAgt><FinInstnId><BIC>GIBASKBX</BIC></FinInstnId></DbtrAgt><CdtrAgt><FinInstnId><BIC>GIBASKBX</BIC></FinInstnId></CdtrAgt></RltdAgts><RmtInf><Ustrd>martinakrivdova@gmail.com</Ustrd></RmtInf></TxDtls></NtryDtls></Ntry>
<Ntry><NtryRef>FSY0014807676</NtryRef><Amt Ccy="EUR">3</Amt><CdtDbtInd>CRDT</CdtDbtInd><RvslInd>false</RvslInd><Sts>BOOK</Sts><BookgDt><Dt>2023-03-12</Dt></BookgDt><ValDt><Dt>2023-03-12</Dt></ValDt><BkTxCd><Prtry><Cd>10000403000</Cd><Issr>SBA</Issr></Prtry></BkTxCd><NtryDtls><TxDtls><Refs><AcctSvcrRef>F001120320234807677</AcctSvcrRef><EndToEndId>/VS333/SS50021/KS</EndToEndId></Refs><BkTxCd><Prtry><Cd>10000403000</Cd><Issr>SBA</Issr></Prtry></BkTxCd><RltdPties><DbtrAcct><Id><IBAN>SK1309000000000440301296</IBAN></Id><Nm>Selembova Maria</Nm></DbtrAcct><CdtrAcct><Id><IBAN>SK8809000000005149764503</IBAN></Id><Nm>Papezske misijne diela</Nm></CdtrAcct></RltdPties><RltdAgts><DbtrAgt><FinInstnId><BIC>GIBASKBX</BIC></FinInstnId></DbtrAgt><CdtrAgt><FinInstnId><BIC>GIBASKBX</BIC></FinInstnId></CdtrAgt></RltdAgts><RmtInf><Ustrd>Bezhotovostny vklad</Ustrd></RmtInf></TxDtls></NtryDtls></Ntry>
<Ntry><NtryRef>FSY0014808271</NtryRef><Amt Ccy="EUR">10</Amt><CdtDbtInd>CRDT</CdtDbtInd><RvslInd>false</RvslInd><Sts>BOOK</Sts><BookgDt><Dt>2023-03-12</Dt></BookgDt><ValDt><Dt>2023-03-12</Dt></ValDt><BkTxCd><Prtry><Cd>10000403000</Cd><Issr>SBA</Issr></Prtry></BkTxCd><NtryDtls><TxDtls><Refs><AcctSvcrRef>F001120320234808272</AcctSvcrRef><EndToEndId>NOTPROVIDED</EndToEndId></Refs><BkTxCd><Prtry><Cd>10000403000</Cd><Issr>SBA</Issr></Prtry></BkTxCd><RltdPties><DbtrAcct><Id><IBAN>SK8109000000000332053504</IBAN></Id><Nm>Kralikova Zuzana</Nm></DbtrAcct><CdtrAcct><Id><IBAN>SK8809000000005149764503</IBAN></Id><Nm>Papezske misijne diela</Nm></CdtrAcct></RltdPties><RltdAgts><DbtrAgt><FinInstnId><BIC>GIBASKBX</BIC></FinInstnId></DbtrAgt><CdtrAgt><FinInstnId><BIC>GIBASKBX</BIC></FinInstnId></CdtrAgt></RltdAgts><RmtInf><Ustrd>Bezhotovostny vklad</Ustrd></RmtInf></TxDtls></NtryDtls></Ntry>
<Ntry><NtryRef>2307150000002722</NtryRef><Amt Ccy="EUR">100</Amt><CdtDbtInd>CRDT</CdtDbtInd><RvslInd>false</RvslInd><Sts>BOOK</Sts><BookgDt><Dt>2023-03-12</Dt></BookgDt><ValDt><Dt>2023-03-12</Dt></ValDt><BkTxCd><Prtry><Cd>10000405000</Cd><Issr>SBA</Issr></Prtry></BkTxCd><NtryDtls><TxDtls><Refs><AcctSvcrRef>F001120320234821731</AcctSvcrRef><EndToEndId>/VS320/SS/KS</EndToEndId></Refs><BkTxCd><Prtry><Cd>10000405000</Cd><Issr>SBA</Issr></Prtry></BkTxCd><RltdPties><DbtrAcct><Id><IBAN>SK8402000000001331313153</IBAN></Id><Nm>Jozef Kozak</Nm></DbtrAcct><CdtrAcct><Id><IBAN>SK8809000000005149764503</IBAN></Id><Nm>Papezske misijne diela</Nm></CdtrAcct></RltdPties><RltdAgts><DbtrAgt><FinInstnId><BIC>SUBASKBX</BIC></FinInstnId></DbtrAgt><CdtrAgt><FinInstnId><BIC>GIBASKBX</BIC></FinInstnId></CdtrAgt></RltdAgts><RmtInf><Ustrd>adop,seminar</Ustrd></RmtInf></TxDtls></NtryDtls></Ntry>
<Ntry><NtryRef>OO23031200001903</NtryRef><Amt Ccy="EUR">10</Amt><CdtDbtInd>CRDT</CdtDbtInd><RvslInd>false</RvslInd><Sts>BOOK</Sts><BookgDt><Dt>2023-03-12</Dt></BookgDt><ValDt><Dt>2023-03-12</Dt></ValDt><BkTxCd><Prtry><Cd>10000405000</Cd><Issr>SBA</Issr></Prtry></BkTxCd><NtryDtls><TxDtls><Refs><AcctSvcrRef>F001120320234824306</AcctSvcrRef><EndToEndId>/VS77793168/SS/KS</EndToEndId></Refs><BkTxCd><Prtry><Cd>10000405000</Cd><Issr>SBA</Issr></Prtry></BkTxCd><RltdPties><DbtrAcct><Id><IBAN>SK4411000000002611530130</IBAN></Id><Nm>Duriac Pavel, Ing.</Nm></DbtrAcct><CdtrAcct><Id><IBAN>SK8809000000005149764503</IBAN></Id><Nm>Papezske misijne diela</Nm></CdtrAcct></RltdPties><RltdAgts><DbtrAgt><FinInstnId><BIC>TATRSKBX</BIC></FinInstnId></DbtrAgt><CdtrAgt><FinInstnId><BIC>GIBASKBX</BIC></FinInstnId></CdtrAgt></RltdAgts><RmtInf><Ustrd>Omsovy milodar za zosnulu Magdalenu</Ustrd></RmtInf></TxDtls></NtryDtls></Ntry>
<Ntry><NtryRef>OO23031200002081</NtryRef><Amt Ccy="EUR">7</Amt><CdtDbtInd>CRDT</CdtDbtInd><RvslInd>false</RvslInd><Sts>BOOK</Sts><BookgDt><Dt>2023-03-12</Dt></BookgDt><ValDt><Dt>2023-03-12</Dt></ValDt><BkTxCd><Prtry><Cd>10000405000</Cd><Issr>SBA</Issr></Prtry></BkTxCd><NtryDtls><TxDtls><Refs><AcctSvcrRef>F001120320234826611</AcctSvcrRef><EndToEndId>/VS77793169/SS/KS</EndToEndId></Refs><BkTxCd><Prtry><Cd>10000405000</Cd><Issr>SBA</Issr></Prtry></BkTxCd><RltdPties><DbtrAcct><Id><IBAN>SK4411000000002611530130</IBAN></Id><Nm>Duriac Pavel, Ing.</Nm></DbtrAcct><CdtrAcct><Id><IBAN>SK8809000000005149764503</IBAN></Id><Nm>Papezske misijne diela</Nm></CdtrAcct></RltdPties><RltdAgts><DbtrAgt><FinInstnId><BIC>TATRSKBX</BIC></FinInstnId></DbtrAgt><CdtrAgt><FinInstnId><BIC>GIBASKBX</BIC></FinInstnId></CdtrAgt></RltdAgts><RmtInf><Ustrd>Milodar za Janku</Ustrd></RmtInf></TxDtls></NtryDtls></Ntry>
<Ntry><NtryRef>OO23031200002433</NtryRef><Amt Ccy="EUR">110</Amt><CdtDbtInd>CRDT</CdtDbtInd><RvslInd>false</RvslInd><Sts>BOOK</Sts><BookgDt><Dt>2023-03-12</Dt></BookgDt><ValDt><Dt>2023-03-12</Dt></ValDt><BkTxCd><Prtry><Cd>10000405000</Cd><Issr>SBA</Issr></Prtry></BkTxCd><NtryDtls><TxDtls><Refs><AcctSvcrRef>F001120320234831315</AcctSvcrRef><EndToEndId>/VS77793172/SS/KS</EndToEndId></Refs><BkTxCd><Prtry><Cd>10000405000</Cd><Issr>SBA</Issr></Prtry></BkTxCd><RltdPties><DbtrAcct><Id><IBAN>SK6111000000002612127829</IBAN></Id><Nm>Javorsky Stefan</Nm></DbtrAcct><CdtrAcct><Id><IBAN>SK8809000000005149764503</IBAN></Id><Nm>Papezske misijne diela</Nm></CdtrAcct></RltdPties><RltdAgts><DbtrAgt><FinInstnId><BIC>TATRSKBX</BIC></FinInstnId></DbtrAgt><CdtrAgt><FinInstnId><BIC>GIBASKBX</BIC></FinInstnId></CdtrAgt></RltdAgts><RmtInf><Ustrd>PAY by square 77793172</Ustrd></RmtInf></TxDtls></NtryDtls></Ntry>
<Ntry><NtryRef>FSY0014831393</NtryRef><Amt Ccy="EUR">25</Amt><CdtDbtInd>CRDT</CdtDbtInd><RvslInd>false</RvslInd><Sts>BOOK</Sts><BookgDt><Dt>2023-03-12</Dt></BookgDt><ValDt><Dt>2023-03-12</Dt></ValDt><BkTxCd><Prtry><Cd>10000403000</Cd><Issr>SBA</Issr></Prtry></BkTxCd><NtryDtls><TxDtls><Refs><AcctSvcrRef>F001120320234831394</AcctSvcrRef><EndToEndId>/VS77793171/SS/KS</EndToEndId></Refs><BkTxCd><Prtry><Cd>10000403000</Cd><Issr>SBA</Issr></Prtry></BkTxCd><RltdPties><DbtrAcct><Id><IBAN>SK2509000000000323531316</IBAN></Id><Nm>Niznik Pavol</Nm></DbtrAcct><CdtrAcct><Id><IBAN>SK8809000000005149764503</IBAN></Id><Nm>Papezske misijne diela</Nm></CdtrAcct></RltdPties><RltdAgts><DbtrAgt><FinInstnId><BIC>GIBASKBX</BIC></FinInstnId></DbtrAgt><CdtrAgt><FinInstnId><BIC>GIBASKBX</BIC></FinInstnId></CdtrAgt></RltdAgts><RmtInf><Ustrd>Omse</Ustrd></RmtInf></TxDtls></NtryDtls></Ntry>
<Ntry><NtryRef>OO23031200003451</NtryRef><Amt Ccy="EUR">25</Amt><CdtDbtInd>CRDT</CdtDbtInd><RvslInd>false</RvslInd><Sts>BOOK</Sts><BookgDt><Dt>2023-03-12</Dt></BookgDt><ValDt><Dt>2023-03-12</Dt></ValDt><BkTxCd><Prtry><Cd>10000405000</Cd><Issr>SBA</Issr></Prtry></BkTxCd><NtryDtls><TxDtls><Refs><AcctSvcrRef>F001120320234844060</AcctSvcrRef><EndToEndId>/VS88893174/SS/KS</EndToEndId></Refs><BkTxCd><Prtry><Cd>10000405000</Cd><Issr>SBA</Issr></Prtry></BkTxCd><RltdPties><DbtrAcct><Id><IBAN>SK4611000000008012321799</IBAN></Id><Nm>Kolenicova Alzbeta, Ing.</Nm></DbtrAcct><CdtrAcct><Id><IBAN>SK8809000000005149764503</IBAN></Id><Nm>Papezske misijne diela</Nm></CdtrAcct></RltdPties><RltdAgts><DbtrAgt><FinInstnId><BIC>TATRSKBX</BIC></FinInstnId></DbtrAgt><CdtrAgt><FinInstnId><BIC>GIBASKBX</BIC></FinInstnId></CdtrAgt></RltdAgts><RmtInf><Ustrd>arch.kolenic zavinac gmail.com</Ustrd></RmtInf></TxDtls></NtryDtls></Ntry>
<Ntry><NtryRef>FSY0014845136</NtryRef><Amt Ccy="EUR">50</Amt><CdtDbtInd>CRDT</CdtDbtInd><RvslInd>false</RvslInd><Sts>BOOK</Sts><BookgDt><Dt>2023-03-12</Dt></BookgDt><ValDt><Dt>2023-03-12</Dt></ValDt><BkTxCd><Prtry><Cd>10000403000</Cd><Issr>SBA</Issr></Prtry></BkTxCd><NtryDtls><TxDtls><Refs><AcctSvcrRef>F001120320234845137</AcctSvcrRef><EndToEndId>/VS200/SS/KS0968</EndToEndId></Refs><BkTxCd><Prtry><Cd>10000403000</Cd><Issr>SBA</Issr></Prtry></BkTxCd><RltdPties><DbtrAcct><Id><IBAN>SK6009000000000230014926</IBAN></Id><Nm>Krcmarik Stanislav Ing.</Nm></DbtrAcct><CdtrAcct><Id><IBAN>SK8809000000005149764503</IBAN></Id><Nm>Papezske misijne diela</Nm></CdtrAcct></RltdPties><RltdAgts><DbtrAgt><FinInstnId><BIC>GIBASKBX</BIC></FinInstnId></DbtrAgt><CdtrAgt><FinInstnId><BIC>GIBASKBX</BIC></FinInstnId></CdtrAgt></RltdAgts><RmtInf><Ustrd>Bezhotovostny vklad</Ustrd></RmtInf></TxDtls></NtryDtls></Ntry>
<Ntry><NtryRef>FSY0014846052</NtryRef><Amt Ccy="EUR">20</Amt><CdtDbtInd>CRDT</CdtDbtInd><RvslInd>false</RvslInd><Sts>BOOK</Sts><BookgDt><Dt>2023-03-12</Dt></BookgDt><ValDt><Dt>2023-03-12</Dt></ValDt><BkTxCd><Prtry><Cd>10000403000</Cd><Issr>SBA</Issr></Prtry></BkTxCd><NtryDtls><TxDtls><Refs><AcctSvcrRef>F001120320234846053</AcctSvcrRef><EndToEndId>NOTPROVIDED</EndToEndId></Refs><BkTxCd><Prtry><Cd>10000403000</Cd><Issr>SBA</Issr></Prtry></BkTxCd><RltdPties><DbtrAcct><Id><IBAN>SK7809000000000104585648</IBAN></Id><Nm>VENGLAROVA ALENA</Nm></DbtrAcct><CdtrAcct><Id><IBAN>SK8809000000005149764503</IBAN></Id><Nm>Papezske misijne diela</Nm></CdtrAcct></RltdPties><RltdAgts><DbtrAgt><FinInstnId><BIC>GIBASKBX</BIC></FinInstnId></DbtrAgt><CdtrAgt><FinInstnId><BIC>GIBASKBX</BIC></FinInstnId></CdtrAgt></RltdAgts><RmtInf><Ustrd>kava- dakujem venglarova</Ustrd></RmtInf></TxDtls></NtryDtls></Ntry>
<Ntry><NtryRef>FSY0014858699</NtryRef><Amt Ccy="EUR">25</Amt><CdtDbtInd>CRDT</CdtDbtInd><RvslInd>false</RvslInd><Sts>BOOK</Sts><BookgDt><Dt>2023-03-12</Dt></BookgDt><ValDt><Dt>2023-03-12</Dt></ValDt><BkTxCd><Prtry><Cd>10000403000</Cd><Issr>SBA</Issr></Prtry></BkTxCd><NtryDtls><TxDtls><Refs><AcctSvcrRef>F001120320234858700</AcctSvcrRef><EndToEndId>/VS100/SS/KS0968</EndToEndId></Refs><BkTxCd><Prtry><Cd>10000403000</Cd><Issr>SBA</Issr></Prtry></BkTxCd><RltdPties><DbtrAcct><Id><IBAN>SK9609000000000085043316</IBAN></Id><Nm>Biros Stanislav</Nm></DbtrAcct><CdtrAcct><Id><IBAN>SK8809000000005149764503</IBAN></Id><Nm>Papezske misijne diela</Nm></CdtrAcct></RltdPties><RltdAgts><DbtrAgt><FinInstnId><BIC>GIBASKBX</BIC></FinInstnId></DbtrAgt><CdtrAgt><FinInstnId><BIC>GIBASKBX</BIC></FinInstnId></CdtrAgt></RltdAgts><RmtInf><Ustrd>Stanislav Biros Osikov 129</Ustrd></RmtInf></TxDtls></NtryDtls></Ntry>
<Ntry><NtryRef>OO23031200006152</NtryRef><Amt Ccy="EUR">10</Amt><CdtDbtInd>CRDT</CdtDbtInd><RvslInd>false</RvslInd><Sts>BOOK</Sts><BookgDt><Dt>2023-03-12</Dt></BookgDt><ValDt><Dt>2023-03-12</Dt></ValDt><BkTxCd><Prtry><Cd>10000405000</Cd><Issr>SBA</Issr></Prtry></BkTxCd><NtryDtls><TxDtls><Refs><AcctSvcrRef>F001120320234889708</AcctSvcrRef><EndToEndId>/VS4321/SS/KS</EndToEndId></Refs><BkTxCd><Prtry><Cd>10000405000</Cd><Issr>SBA</Issr></Prtry></BkTxCd><RltdPties><DbtrAcct><Id><IBAN>SK1411000000002615795566</IBAN></Id><Nm>Klenkova Zuzana</Nm></DbtrAcct><CdtrAcct><Id><IBAN>SK8809000000005149764503</IBAN></Id><Nm>Papezske misijne diela</Nm></CdtrAcct></RltdPties><RltdAgts><DbtrAgt><FinInstnId><BIC>TATRSKBX</BIC></FinInstnId></DbtrAgt><CdtrAgt><FinInstnId><BIC>GIBASKBX</BIC></FinInstnId></CdtrAgt></RltdAgts><RmtInf><Ustrd>Bezhotovostny vklad-okamzita platba</Ustrd></RmtInf></TxDtls></NtryDtls></Ntry>
<Ntry><NtryRef>OO23031200006644</NtryRef><Amt Ccy="EUR">50</Amt><CdtDbtInd>CRDT</CdtDbtInd><RvslInd>false</RvslInd><Sts>BOOK</Sts><BookgDt><Dt>2023-03-12</Dt></BookgDt><ValDt><Dt>2023-03-12</Dt></ValDt><BkTxCd><Prtry><Cd>10000405000</Cd><Issr>SBA</Issr></Prtry></BkTxCd><NtryDtls><TxDtls><Refs><AcctSvcrRef>F001120320234895889</AcctSvcrRef><EndToEndId>/VS77793177/SS/KS</EndToEndId></Refs><BkTxCd><Prtry><Cd>10000405000</Cd><Issr>SBA</Issr></Prtry></BkTxCd><RltdPties><DbtrAcct><Id><IBAN>SK6311000000002618564034</IBAN></Id><Nm>Timkanicova Zuzana, Ing.</Nm></DbtrAcct><CdtrAcct><Id><IBAN>SK8809000000005149764503</IBAN></Id><Nm>Papezske misijne diela</Nm></CdtrAcct></RltdPties><RltdAgts><DbtrAgt><FinInstnId><BIC>TATRSKBX</BIC></FinInstnId></DbtrAgt><CdtrAgt><FinInstnId><BIC>GIBASKBX</BIC></FinInstnId></CdtrAgt></RltdAgts><RmtInf><Ustrd>Bezhotovostny vklad-okamzita platba</Ustrd></RmtInf></TxDtls></NtryDtls></Ntry>
<Ntry><NtryRef>FSY0014898396</NtryRef><Amt Ccy="EUR">5</Amt><CdtDbtInd>CRDT</CdtDbtInd><RvslInd>false</RvslInd><Sts>BOOK</Sts><BookgDt><Dt>2023-03-12</Dt></BookgDt><ValDt><Dt>2023-03-12</Dt></ValDt><BkTxCd><Prtry><Cd>10000403000</Cd><Issr>SBA</Issr></Prtry></BkTxCd><NtryDtls><TxDtls><Refs><AcctSvcrRef>F001120320234898397</AcctSvcrRef><EndToEndId>/VS333/SS/KS</EndToEndId></Refs><BkTxCd><Prtry><Cd>10000403000</Cd><Issr>SBA</Issr></Prtry></BkTxCd><RltdPties><DbtrAcct><Id><IBAN>SK4209000000000101243482</IBAN></Id><Nm>Slezak Matej</Nm></DbtrAcct><CdtrAcct><Id><IBAN>SK8809000000005149764503</IBAN></Id><Nm>Papezske misijne diela</Nm></CdtrAcct></RltdPties><RltdAgts><DbtrAgt><FinInstnId><BIC>GIBASKBX</BIC></FinInstnId></DbtrAgt><CdtrAgt><FinInstnId><BIC>GIBASKBX</BIC></FinInstnId></CdtrAgt></RltdAgts><RmtInf><Ustrd>iveta2701@gmail.com</Ustrd></RmtInf></TxDtls></NtryDtls></Ntry>
<Ntry><NtryRef>FSY0014900436</NtryRef><Amt Ccy="EUR">50</Amt><CdtDbtInd>CRDT</CdtDbtInd><RvslInd>false</RvslInd><Sts>BOOK</Sts><BookgDt><Dt>2023-03-12</Dt></BookgDt><ValDt><Dt>2023-03-12</Dt></ValDt><BkTxCd><Prtry><Cd>10000403000</Cd><Issr>SBA</Issr></Prtry></BkTxCd><NtryDtls><TxDtls><Refs><AcctSvcrRef>F001120320234900437</AcctSvcrRef><EndToEndId>/VS77793179/SS/KS</EndToEndId></Refs><BkTxCd><Prtry><Cd>10000403000</Cd><Issr>SBA</Issr></Prtry></BkTxCd><RltdPties><DbtrAcct><Id><IBAN>SK8909000000000331182494</IBAN></Id><Nm>Suran Jan</Nm></DbtrAcct><CdtrAcct><Id><IBAN>SK8809000000005149764503</IBAN></Id><Nm>Papezske misijne diela</Nm></CdtrAcct></RltdPties><RltdAgts><DbtrAgt><FinInstnId><BIC>GIBASKBX</BIC></FinInstnId></DbtrAgt><CdtrAgt><FinInstnId><BIC>GIBASKBX</BIC></FinInstnId></CdtrAgt></RltdAgts><RmtInf><Ustrd>Novena za uzdravenie a Boziu pomocpre Helenu</Ustrd></RmtInf></TxDtls></NtryDtls></Ntry>
<Ntry><NtryRef>FSY0014900645</NtryRef><Amt Ccy="EUR">90</Amt><CdtDbtInd>CRDT</CdtDbtInd><RvslInd>false</RvslInd><Sts>BOOK</Sts><BookgDt><Dt>2023-03-12</Dt></BookgDt><ValDt><Dt>2023-03-12</Dt></ValDt><BkTxCd><Prtry><Cd>10000403000</Cd><Issr>SBA</Issr></Prtry></BkTxCd><NtryDtls><TxDtls><Refs><AcctSvcrRef>F001120320234900646</AcctSvcrRef><EndToEndId>/VS77793178/SS/KS</EndToEndId></Refs><BkTxCd><Prtry><Cd>10000403000</Cd><Issr>SBA</Issr></Prtry></BkTxCd><RltdPties><DbtrAcct><Id><IBAN>SK4509000000005032198755</IBAN></Id><Nm>Hitka Michal</Nm></DbtrAcct><CdtrAcct><Id><IBAN>SK8809000000005149764503</IBAN></Id><Nm>Papezske misijne diela</Nm></CdtrAcct></RltdPties><RltdAgts><DbtrAgt><FinInstnId><BIC>GIBASKBX</BIC></FinInstnId></DbtrAgt><CdtrAgt><FinInstnId><BIC>GIBASKBX</BIC></FinInstnId></CdtrAgt></RltdAgts><RmtInf><Ustrd>Bezhotovostny vklad</Ustrd></RmtInf></TxDtls></NtryDtls></Ntry>
<Ntry><NtryRef>FSY0014903762</NtryRef><Amt Ccy="EUR">10</Amt><CdtDbtInd>CRDT</CdtDbtInd><RvslInd>false</RvslInd><Sts>BOOK</Sts><BookgDt><Dt>2023-03-12</Dt></BookgDt><ValDt><Dt>2023-03-12</Dt></ValDt><BkTxCd><Prtry><Cd>10000403000</Cd><Issr>SBA</Issr></Prtry></BkTxCd><NtryDtls><TxDtls><Refs><AcctSvcrRef>F001120320234903763</AcctSvcrRef><EndToEndId>/VS77793180/SS/KS</EndToEndId></Refs><BkTxCd><Prtry><Cd>10000403000</Cd><Issr>SBA</Issr></Prtry></BkTxCd><RltdPties><DbtrAcct><Id><IBAN>SK5509000000000500068642</IBAN></Id><Nm>Rakosova Maria,Rakos Stefan</Nm></DbtrAcct><CdtrAcct><Id><IBAN>SK8809000000005149764503</IBAN></Id><Nm>Papezske misijne diela</Nm></CdtrAcct></RltdPties><RltdAgts><DbtrAgt><FinInstnId><BIC>GIBASKBX</BIC></FinInstnId></DbtrAgt><CdtrAgt><FinInstnId><BIC>GIBASKBX</BIC></FinInstnId></CdtrAgt></RltdAgts><RmtInf><Ustrd>martina.rakosova@gmail.com</Ustrd></RmtInf></TxDtls></NtryDtls></Ntry>
<Ntry><NtryRef>FSY0014907957</NtryRef><Amt Ccy="EUR">100</Amt><CdtDbtInd>CRDT</CdtDbtInd><RvslInd>false</RvslInd><Sts>BOOK</Sts><BookgDt><Dt>2023-03-12</Dt></BookgDt><ValDt><Dt>2023-03-12</Dt></ValDt><BkTxCd><Prtry><Cd>10000403000</Cd><Issr>SBA</Issr></Prtry></BkTxCd><NtryDtls><TxDtls><Refs><AcctSvcrRef>F001120320234907958</AcctSvcrRef><EndToEndId>NOTPROVIDED</EndToEndId></Refs><BkTxCd><Prtry><Cd>10000403000</Cd><Issr>SBA</Issr></Prtry></BkTxCd><RltdPties><DbtrAcct><Id><IBAN>SK4609000000005189182567</IBAN></Id><Nm>Maria Kapcova</Nm></DbtrAcct><CdtrAcct><Id><IBAN>SK8809000000005149764503</IBAN></Id><Nm>Papezske misijne diela</Nm></CdtrAcct></RltdPties><RltdAgts><DbtrAgt><FinInstnId><BIC>GIBASKBX</BIC></FinInstnId></DbtrAgt><CdtrAgt><FinInstnId><BIC>GIBASKBX</BIC></FinInstnId></CdtrAgt></RltdAgts><RmtInf><Ustrd>Adresa alebo mail 4321: mariakapcova237@gmail.com</Ustrd></RmtInf></TxDtls></NtryDtls></Ntry>
<Ntry><NtryRef>FSY0014911753</NtryRef><Amt Ccy="EUR">30</Amt><CdtDbtInd>CRDT</CdtDbtInd><RvslInd>false</RvslInd><Sts>BOOK</Sts><BookgDt><Dt>2023-03-12</Dt></BookgDt><ValDt><Dt>2023-03-12</Dt></ValDt><BkTxCd><Prtry><Cd>10000403000</Cd><Issr>SBA</Issr></Prtry></BkTxCd><NtryDtls><TxDtls><Refs><AcctSvcrRef>F001120320234911754</AcctSvcrRef><EndToEndId>NOTPROVIDED</EndToEndId></Refs><BkTxCd><Prtry><Cd>10000403000</Cd><Issr>SBA</Issr></Prtry></BkTxCd><RltdPties><DbtrAcct><Id><IBAN>SK7709000000000503168075</IBAN></Id><Nm>Vlcekova Anna</Nm></DbtrAcct><CdtrAcct><Id><IBAN>SK8809000000005149764503</IBAN></Id><Nm>Papezske misijne diela</Nm></CdtrAcct></RltdPties><RltdAgts><DbtrAgt><FinInstnId><BIC>GIBASKBX</BIC></FinInstnId></DbtrAgt><CdtrAgt><FinInstnId><BIC>GIBASKBX</BIC></FinInstnId></CdtrAgt></RltdAgts><RmtInf><Ustrd>wlcekova@gmail.com 5xsv.omsa</Ustrd></RmtInf></TxDtls></NtryDtls></Ntry>
<Ntry><NtryRef>OO23031200008578</NtryRef><Amt Ccy="EUR">120</Amt><CdtDbtInd>CRDT</CdtDbtInd><RvslInd>false</RvslInd><Sts>BOOK</Sts><BookgDt><Dt>2023-03-12</Dt></BookgDt><ValDt><Dt>2023-03-12</Dt></ValDt><BkTxCd><Prtry><Cd>10000405000</Cd><Issr>SBA</Issr></Prtry></BkTxCd><NtryDtls><TxDtls><Refs><AcctSvcrRef>F001120320234919459</AcctSvcrRef><EndToEndId>/VS77793183/SS/KS</EndToEndId></Refs><BkTxCd><Prtry><Cd>10000405000</Cd><Issr>SBA</Issr></Prtry></BkTxCd><RltdPties><DbtrAcct><Id><IBAN>SK4511000000002617898841</IBAN></Id><Nm>Bubenikova Lenka, Mgr.</Nm></DbtrAcct><CdtrAcct><Id><IBAN>SK8809000000005149764503</IBAN></Id><Nm>Papezske misijne diela</Nm></CdtrAcct></RltdPties><RltdAgts><DbtrAgt><FinInstnId><BIC>TATRSKBX</BIC></FinInstnId></DbtrAgt><CdtrAgt><FinInstnId><BIC>GIBASKBX</BIC></FinInstnId></CdtrAgt></RltdAgts><RmtInf><Ustrd>Bezhotovostny vklad-okamzita platba</Ustrd></RmtInf></TxDtls></NtryDtls></Ntry>
<Ntry><NtryRef>2307150000015449</NtryRef><Amt Ccy="EUR">50</Amt><CdtDbtInd>CRDT</CdtDbtInd><RvslInd>false</RvslInd><Sts>BOOK</Sts><BookgDt><Dt>2023-03-12</Dt></BookgDt><ValDt><Dt>2023-03-12</Dt></ValDt><BkTxCd><Prtry><Cd>10000405000</Cd><Issr>SBA</Issr></Prtry></BkTxCd><NtryDtls><TxDtls><Refs><AcctSvcrRef>F001120320234921960</AcctSvcrRef><EndToEndId>/VS77793184/SS/KS</EndToEndId></Refs><BkTxCd><Prtry><Cd>10000405000</Cd><Issr>SBA</Issr></Prtry></BkTxCd><RltdPties><DbtrAcct><Id><IBAN>SK6502000000004212631953</IBAN></Id><Nm>Marek Ihnat</Nm></DbtrAcct><CdtrAcct><Id><IBAN>SK8809000000005149764503</IBAN></Id><Nm>Papezske misijne diela</Nm></CdtrAcct></RltdPties><RltdAgts><DbtrAgt><FinInstnId><BIC>SUBASKBX</BIC></FinInstnId></DbtrAgt><CdtrAgt><FinInstnId><BIC>GIBASKBX</BIC></FinInstnId></CdtrAgt></RltdAgts><RmtInf><Ustrd>PAY by square 77793184</Ustrd></RmtInf></TxDtls></NtryDtls></Ntry>
<Ntry><NtryRef>FSY0014939182</NtryRef><Amt Ccy="EUR">6</Amt><CdtDbtInd>CRDT</CdtDbtInd><RvslInd>false</RvslInd><Sts>BOOK</Sts><BookgDt><Dt>2023-03-12</Dt></BookgDt><ValDt><Dt>2023-03-12</Dt></ValDt><BkTxCd><Prtry><Cd>10000403000</Cd><Issr>SBA</Issr></Prtry></BkTxCd><NtryDtls><TxDtls><Refs><AcctSvcrRef>F001120320234939183</AcctSvcrRef><EndToEndId>/VS77793187/SS/KS</EndToEndId></Refs><BkTxCd><Prtry><Cd>10000403000</Cd><Issr>SBA</Issr></Prtry></BkTxCd><RltdPties><DbtrAcct><Id><IBAN>SK3109000000005145113797</IBAN></Id><Nm>Stefanak Patrik</Nm></DbtrAcct><CdtrAcct><Id><IBAN>SK8809000000005149764503</IBAN></Id><Nm>Papezske misijne diela</Nm></CdtrAcct></RltdPties><RltdAgts><DbtrAgt><FinInstnId><BIC>GIBASKBX</BIC></FinInstnId></DbtrAgt><CdtrAgt><FinInstnId><BIC>GIBASKBX</BIC></FinInstnId></CdtrAgt></RltdAgts><RmtInf><Ustrd>Poprosim do majlu info kedy bude omsa odsluzena dakujem</Ustrd></RmtInf></TxDtls></NtryDtls></Ntry>
<Ntry><NtryRef>FSY0014940841</NtryRef><Amt Ccy="EUR">15</Amt><CdtDbtInd>CRDT</CdtDbtInd><RvslInd>false</RvslInd><Sts>BOOK</Sts><BookgDt><Dt>2023-03-12</Dt></BookgDt><ValDt><Dt>2023-03-12</Dt></ValDt><BkTxCd><Prtry><Cd>10000403000</Cd><Issr>SBA</Issr></Prtry></BkTxCd><NtryDtls><TxDtls><Refs><AcctSvcrRef>F001120320234940842</AcctSvcrRef><EndToEndId>/VS88893188/SS/KS</EndToEndId></Refs><BkTxCd><Prtry><Cd>10000403000</Cd><Issr>SBA</Issr></Prtry></BkTxCd><RltdPties><DbtrAcct><Id><IBAN>SK5209000000000011277742</IBAN></Id><Nm>Paprskarova Margita</Nm></DbtrAcct><CdtrAcct><Id><IBAN>SK8809000000005149764503</IBAN></Id><Nm>Papezske misijne diela</Nm></CdtrAcct></RltdPties><RltdAgts><DbtrAgt><FinInstnId><BIC>GIBASKBX</BIC></FinInstnId></DbtrAgt><CdtrAgt><FinInstnId><BIC>GIBASKBX</BIC></FinInstnId></CdtrAgt></RltdAgts><RmtInf><Ustrd>sv.omse</Ustrd></RmtInf></TxDtls></NtryDtls></Ntry>
<Ntry><NtryRef>FSY0014948459</NtryRef><Amt Ccy="EUR">160</Amt><CdtDbtInd>CRDT</CdtDbtInd><RvslInd>false</RvslInd><Sts>BOOK</Sts><BookgDt><Dt>2023-03-12</Dt></BookgDt><ValDt><Dt>2023-03-12</Dt></ValDt><BkTxCd><Prtry><Cd>10000403000</Cd><Issr>SBA</Issr></Prtry></BkTxCd><NtryDtls><TxDtls><Refs><AcctSvcrRef>F001120320234948461</AcctSvcrRef><EndToEndId>/VS77793191/SS/KS</EndToEndId></Refs><BkTxCd><Prtry><Cd>10000403000</Cd><Issr>SBA</Issr></Prtry></BkTxCd><RltdPties><DbtrAcct><Id><IBAN>SK9309000000005200285699</IBAN></Id><Nm>Michal Durana</Nm></DbtrAcct><CdtrAcct><Id><IBAN>SK8809000000005149764503</IBAN></Id><Nm>Papezske misijne diela</Nm></CdtrAcct></RltdPties><RltdAgts><DbtrAgt><FinInstnId><BIC>GIBASKBX</BIC></FinInstnId></DbtrAgt><CdtrAgt><FinInstnId><BIC>GIBASKBX</BIC></FinInstnId></CdtrAgt></RltdAgts><RmtInf><Ustrd>Monika Duranova</Ustrd></RmtInf></TxDtls></NtryDtls></Ntry>
<Ntry><NtryRef>2307150000020353</NtryRef><Amt Ccy="EUR">25</Amt><CdtDbtInd>CRDT</CdtDbtInd><RvslInd>false</RvslInd><Sts>BOOK</Sts><BookgDt><Dt>2023-03-12</Dt></BookgDt><ValDt><Dt>2023-03-12</Dt></ValDt><BkTxCd><Prtry><Cd>10000405000</Cd><Issr>SBA</Issr></Prtry></BkTxCd><NtryDtls><TxDtls><Refs><AcctSvcrRef>F001120320234956233</AcctSvcrRef><EndToEndId>NOTPROVIDED</EndToEndId></Refs><BkTxCd><Prtry><Cd>10000405000</Cd><Issr>SBA</Issr></Prtry></BkTxCd><RltdPties><DbtrAcct><Id><IBAN>SK6602000000001725348332</IBAN></Id><Nm>Anton Hlavaj</Nm></DbtrAcct><CdtrAcct><Id><IBAN>SK8809000000005149764503</IBAN></Id><Nm>Papezske misijne diela</Nm></CdtrAcct></RltdPties><RltdAgts><DbtrAgt><FinInstnId><BIC>SUBASKBX</BIC></FinInstnId></DbtrAgt><CdtrAgt><FinInstnId><BIC>GIBASKBX</BIC></FinInstnId></CdtrAgt></RltdAgts><RmtInf><Ustrd>Cecilia Hlavajova, Hviezdoslavova 310, 027 43 Nizna</Ustrd></RmtInf></TxDtls></NtryDtls></Ntry>
<Ntry><NtryRef>FSY0014989787</NtryRef><Amt Ccy="EUR">10</Amt><CdtDbtInd>CRDT</CdtDbtInd><RvslInd>false</RvslInd><Sts>BOOK</Sts><BookgDt><Dt>2023-03-12</Dt></BookgDt><ValDt><Dt>2023-03-12</Dt></ValDt><BkTxCd><Prtry><Cd>10000403000</Cd><Issr>SBA</Issr></Prtry></BkTxCd><NtryDtls><TxDtls><Refs><AcctSvcrRef>F001120320234989793</AcctSvcrRef><EndToEndId>/VS77793196/SS/KS</EndToEndId></Refs><BkTxCd><Prtry><Cd>10000403000</Cd><Issr>SBA</Issr></Prtry></BkTxCd><RltdPties><DbtrAcct><Id><IBAN>SK1209000000005061138620</IBAN></Id><Nm>Skolnickova Jana</Nm></DbtrAcct><CdtrAcct><Id><IBAN>SK8809000000005149764503</IBAN></Id><Nm>Papezske misijne diela</Nm></CdtrAcct></RltdPties><RltdAgts><DbtrAgt><FinInstnId><BIC>GIBASKBX</BIC></FinInstnId></DbtrAgt><CdtrAgt><FinInstnId><BIC>GIBASKBX</BIC></FinInstnId></CdtrAgt></RltdAgts><RmtInf><Ustrd>Bezhotovostny vklad</Ustrd></RmtInf></TxDtls></NtryDtls></Ntry>
<Ntry><NtryRef>OO23031200015775</NtryRef><Amt Ccy="EUR">54</Amt><CdtDbtInd>CRDT</CdtDbtInd><RvslInd>false</RvslInd><Sts>BOOK</Sts><BookgDt><Dt>2023-03-12</Dt></BookgDt><ValDt><Dt>2023-03-12</Dt></ValDt><BkTxCd><Prtry><Cd>10000405000</Cd><Issr>SBA</Issr></Prtry></BkTxCd><NtryDtls><TxDtls><Refs><AcctSvcrRef>F001120320235008869</AcctSvcrRef><EndToEndId>/VS77793197/SS/KS</EndToEndId></Refs><BkTxCd><Prtry><Cd>10000405000</Cd><Issr>SBA</Issr></Prtry></BkTxCd><RltdPties><DbtrAcct><Id><IBAN>SK7611000000002937396883</IBAN></Id><Nm>Laskova Eva</Nm></DbtrAcct><CdtrAcct><Id><IBAN>SK8809000000005149764503</IBAN></Id><Nm>Papezske misijne diela</Nm></CdtrAcct></RltdPties><RltdAgts><DbtrAgt><FinInstnId><BIC>TATRSKBX</BIC></FinInstnId></DbtrAgt><CdtrAgt><FinInstnId><BIC>GIBASKBX</BIC></FinInstnId></CdtrAgt></RltdAgts><RmtInf><Ustrd>PAY by square 77793197 Eva Laskova Skolska 767-11 Lutila novena omse</Ustrd></RmtInf></TxDtls></NtryDtls></Ntry>
<Ntry><NtryRef>2307150000028873</NtryRef><Amt Ccy="EUR">10</Amt><CdtDbtInd>CRDT</CdtDbtInd><RvslInd>false</RvslInd><Sts>BOOK</Sts><BookgDt><Dt>2023-03-12</Dt></BookgDt><ValDt><Dt>2023-03-12</Dt></ValDt><BkTxCd><Prtry><Cd>10000405000</Cd><Issr>SBA</Issr></Prtry></BkTxCd><NtryDtls><TxDtls><Refs><AcctSvcrRef>F001120320235014074</AcctSvcrRef><EndToEndId>/VS7171/SS/KS0558</EndToEndId></Refs><BkTxCd><Prtry><Cd>10000405000</Cd><Issr>SBA</Issr></Prtry></BkTxCd><RltdPties><DbtrAcct><Id><IBAN>SK4402000000003382803151</IBAN></Id><Nm>Viera Seligova</Nm></DbtrAcct><CdtrAcct><Id><IBAN>SK8809000000005149764503</IBAN></Id><Nm>Papezske misijne diela</Nm></CdtrAcct></RltdPties><RltdAgts><DbtrAgt><FinInstnId><BIC>SUBASKBX</BIC></FinInstnId></DbtrAgt><CdtrAgt><FinInstnId><BIC>GIBASKBX</BIC></FinInstnId></CdtrAgt></RltdAgts><RmtInf><Ustrd>Seligovavierazavinacgmail.com</Ustrd></RmtInf></TxDtls></NtryDtls></Ntry>
<Ntry><NtryRef>FSY0015026467</NtryRef><Amt Ccy="EUR">50</Amt><CdtDbtInd>CRDT</CdtDbtInd><RvslInd>false</RvslInd><Sts>BOOK</Sts><BookgDt><Dt>2023-03-12</Dt></BookgDt><ValDt><Dt>2023-03-12</Dt></ValDt><BkTxCd><Prtry><Cd>10000403000</Cd><Issr>SBA</Issr></Prtry></BkTxCd><NtryDtls><TxDtls><Refs><AcctSvcrRef>F001120320235026468</AcctSvcrRef><EndToEndId>NOTPROVIDED</EndToEndId></Refs><BkTxCd><Prtry><Cd>10000403000</Cd><Issr>SBA</Issr></Prtry></BkTxCd><RltdPties><DbtrAcct><Id><IBAN>SK6109000000000076307156</IBAN></Id><Nm>Volek Peter</Nm></DbtrAcct><CdtrAcct><Id><IBAN>SK8809000000005149764503</IBAN></Id><Nm>Papezske misijne diela</Nm></CdtrAcct></RltdPties><RltdAgts><DbtrAgt><FinInstnId><BIC>GIBASKBX</BIC></FinInstnId></DbtrAgt><CdtrAgt><FinInstnId><BIC>GIBASKBX</BIC></FinInstnId></CdtrAgt></RltdAgts><RmtInf><Ustrd>petervolek58@gmail.com</Ustrd></RmtInf></TxDtls></NtryDtls></Ntry>
<Ntry><NtryRef>FSY0015026828</NtryRef><Amt Ccy="EUR">70</Amt><CdtDbtInd>CRDT</CdtDbtInd><RvslInd>false</RvslInd><Sts>BOOK</Sts><BookgDt><Dt>2023-03-12</Dt></BookgDt><ValDt><Dt>2023-03-12</Dt></ValDt><BkTxCd><Prtry><Cd>10000403000</Cd><Issr>SBA</Issr></Prtry></BkTxCd><NtryDtls><TxDtls><Refs><AcctSvcrRef>F001120320235026829</AcctSvcrRef><EndToEndId>/VS77793198/SS/KS</EndToEndId></Refs><BkTxCd><Prtry><Cd>10000403000</Cd><Issr>SBA</Issr></Prtry></BkTxCd><RltdPties><DbtrAcct><Id><IBAN>SK2509000000000321938673</IBAN></Id><Nm>Sochuliak Martin,Sochuliakova Darina</Nm></DbtrAcct><CdtrAcct><Id><IBAN>SK8809000000005149764503</IBAN></Id><Nm>Papezske misijne diela</Nm></CdtrAcct></RltdPties><RltdAgts><DbtrAgt><FinInstnId><BIC>GIBASKBX</BIC></FinInstnId></DbtrAgt><CdtrAgt><FinInstnId><BIC>GIBASKBX</BIC></FinInstnId></CdtrAgt></RltdAgts><RmtInf><Ustrd>Bezhotovostny vklad</Ustrd></RmtInf></TxDtls></NtryDtls></Ntry>
<Ntry><NtryRef>FSY0015033743</NtryRef><Amt Ccy="EUR">50</Amt><CdtDbtInd>CRDT</CdtDbtInd><RvslInd>false</RvslInd><Sts>BOOK</Sts><BookgDt><Dt>2023-03-12</Dt></BookgDt><ValDt><Dt>2023-03-12</Dt></ValDt><BkTxCd><Prtry><Cd>10000403000</Cd><Issr>SBA</Issr></Prtry></BkTxCd><NtryDtls><TxDtls><Refs><AcctSvcrRef>F001120320235033745</AcctSvcrRef><EndToEndId>/VS320/SS/KS</EndToEndId></Refs><BkTxCd><Prtry><Cd>10000403000</Cd><Issr>SBA</Issr></Prtry></BkTxCd><RltdPties><DbtrAcct><Id><IBAN>SK3309000000000502446993</IBAN></Id><Nm>Banasova Blanka</Nm></DbtrAcct><CdtrAcct><Id><IBAN>SK8809000000005149764503</IBAN></Id><Nm>Papezske misijne diela</Nm></CdtrAcct></RltdPties><RltdAgts><DbtrAgt><FinInstnId><BIC>GIBASKBX</BIC></FinInstnId></DbtrAgt><CdtrAgt><FinInstnId><BIC>GIBASKBX</BIC></FinInstnId></CdtrAgt></RltdAgts><RmtInf><Ustrd>Bezhotovostny vklad</Ustrd></RmtInf></TxDtls></NtryDtls></Ntry>
<Ntry><NtryRef>FSY0015034333</NtryRef><Amt Ccy="EUR">50</Amt><CdtDbtInd>CRDT</CdtDbtInd><RvslInd>false</RvslInd><Sts>BOOK</Sts><BookgDt><Dt>2023-03-12</Dt></BookgDt><ValDt><Dt>2023-03-12</Dt></ValDt><BkTxCd><Prtry><Cd>10000403000</Cd><Issr>SBA</Issr></Prtry></BkTxCd><NtryDtls><TxDtls><Refs><AcctSvcrRef>F001120320235034334</AcctSvcrRef><EndToEndId>/VS77793199/SS/KS</EndToEndId></Refs><BkTxCd><Prtry><Cd>10000403000</Cd><Issr>SBA</Issr></Prtry></BkTxCd><RltdPties><DbtrAcct><Id><IBAN>SK2809000000005115275875</IBAN></Id><Nm>Suska Pavol</Nm></DbtrAcct><CdtrAcct><Id><IBAN>SK8809000000005149764503</IBAN></Id><Nm>Papezske misijne diela</Nm></CdtrAcct></RltdPties><RltdAgts><DbtrAgt><FinInstnId><BIC>GIBASKBX</BIC></FinInstnId></DbtrAgt><CdtrAgt><FinInstnId><BIC>GIBASKBX</BIC></FinInstnId></CdtrAgt></RltdAgts><RmtInf><Ustrd>PAY by square 77793199</Ustrd></RmtInf></TxDtls></NtryDtls></Ntry>
<Ntry><NtryRef>FSY0015034523</NtryRef><Amt Ccy="EUR">15</Amt><CdtDbtInd>CRDT</CdtDbtInd><RvslInd>false</RvslInd><Sts>BOOK</Sts><BookgDt><Dt>2023-03-12</Dt></BookgDt><ValDt><Dt>2023-03-12</Dt></ValDt><BkTxCd><Prtry><Cd>10000403000</Cd><Issr>SBA</Issr></Prtry></BkTxCd><NtryDtls><TxDtls><Refs><AcctSvcrRef>F001120320235034524</AcctSvcrRef><EndToEndId>NOTPROVIDED</EndToEndId></Refs><BkTxCd><Prtry><Cd>10000403000</Cd><Issr>SBA</Issr></Prtry></BkTxCd><RltdPties><DbtrAcct><Id><IBAN>SK7709000000000045320606</IBAN></Id><Nm>Domorakova Maria</Nm></DbtrAcct><CdtrAcct><Id><IBAN>SK8809000000005149764503</IBAN></Id><Nm>Papezske misijne diela</Nm></CdtrAcct></RltdPties><RltdAgts><DbtrAgt><FinInstnId><BIC>GIBASKBX</BIC></FinInstnId></DbtrAgt><CdtrAgt><FinInstnId><BIC>GIBASKBX</BIC></FinInstnId></CdtrAgt></RltdAgts><RmtInf><Ustrd>domorakovam@gmail.com</Ustrd></RmtInf></TxDtls></NtryDtls></Ntry>
<Ntry><NtryRef>FSY0015035856</NtryRef><Amt Ccy="EUR">20</Amt><CdtDbtInd>CRDT</CdtDbtInd><RvslInd>false</RvslInd><Sts>BOOK</Sts><BookgDt><Dt>2023-03-12</Dt></BookgDt><ValDt><Dt>2023-03-12</Dt></ValDt><BkTxCd><Prtry><Cd>10000403000</Cd><Issr>SBA</Issr></Prtry></BkTxCd><NtryDtls><TxDtls><Refs><AcctSvcrRef>F001120320235035857</AcctSvcrRef><EndToEndId>/VS77793200/SS/KS</EndToEndId></Refs><BkTxCd><Prtry><Cd>10000403000</Cd><Issr>SBA</Issr></Prtry></BkTxCd><RltdPties><DbtrAcct><Id><IBAN>SK0809000000000085103876</IBAN></Id><Nm>Sabolova Helena</Nm></DbtrAcct><CdtrAcct><Id><IBAN>SK8809000000005149764503</IBAN></Id><Nm>Papezske misijne diela</Nm></CdtrAcct></RltdPties><RltdAgts><DbtrAgt><FinInstnId><BIC>GIBASKBX</BIC></FinInstnId></DbtrAgt><CdtrAgt><FinInstnId><BIC>GIBASKBX</BIC></FinInstnId></CdtrAgt></RltdAgts><RmtInf><Ustrd>helenasabolova@azet.sk</Ustrd></RmtInf></TxDtls></NtryDtls></Ntry>
<Ntry><NtryRef>FSY0015035935</NtryRef><Amt Ccy="EUR">50</Amt><CdtDbtInd>CRDT</CdtDbtInd><RvslInd>false</RvslInd><Sts>BOOK</Sts><BookgDt><Dt>2023-03-12</Dt></BookgDt><ValDt><Dt>2023-03-12</Dt></ValDt><BkTxCd><Prtry><Cd>10000403000</Cd><Issr>SBA</Issr></Prtry></BkTxCd><NtryDtls><TxDtls><Refs><AcctSvcrRef>F001120320235035937</AcctSvcrRef><EndToEndId>/VS333/SS/KS</EndToEndId></Refs><BkTxCd><Prtry><Cd>10000403000</Cd><Issr>SBA</Issr></Prtry></BkTxCd><RltdPties><DbtrAcct><Id><IBAN>SK1609000000000371085146</IBAN></Id><Nm>Zatkova Michaela</Nm></DbtrAcct><CdtrAcct><Id><IBAN>SK8809000000005149764503</IBAN></Id><Nm>Papezske misijne diela</Nm></CdtrAcct></RltdPties><RltdAgts><DbtrAgt><FinInstnId><BIC>GIBASKBX</BIC></FinInstnId></DbtrAgt><CdtrAgt><FinInstnId><BIC>GIBASKBX</BIC></FinInstnId></CdtrAgt></RltdAgts><RmtInf><Ustrd>michaelazatkova333@gmail.com</Ustrd></RmtInf></TxDtls></NtryDtls></Ntry>
<Ntry><NtryRef>FSY0015037970</NtryRef><Amt Ccy="EUR">25</Amt><CdtDbtInd>CRDT</CdtDbtInd><RvslInd>false</RvslInd><Sts>BOOK</Sts><BookgDt><Dt>2023-03-12</Dt></BookgDt><ValDt><Dt>2023-03-12</Dt></ValDt><BkTxCd><Prtry><Cd>10000403000</Cd><Issr>SBA</Issr></Prtry></BkTxCd><NtryDtls><TxDtls><Refs><AcctSvcrRef>F001120320235037971</AcctSvcrRef><EndToEndId>/VS93202/SS/KS</EndToEndId></Refs><BkTxCd><Prtry><Cd>10000403000</Cd><Issr>SBA</Issr></Prtry></BkTxCd><RltdPties><DbtrAcct><Id><IBAN>SK2809000000005115275875</IBAN></Id><Nm>Suska Pavol</Nm></DbtrAcct><CdtrAcct><Id><IBAN>SK8809000000005149764503</IBAN></Id><Nm>Papezske misijne diela</Nm></CdtrAcct></RltdPties><RltdAgts><DbtrAgt><FinInstnId><BIC>GIBASKBX</BIC></FinInstnId></DbtrAgt><CdtrAgt><FinInstnId><BIC>GIBASKBX</BIC></FinInstnId></CdtrAgt></RltdAgts><RmtInf><Ustrd>PAY by square 93202</Ustrd></RmtInf></TxDtls></NtryDtls></Ntry>
<Ntry><NtryRef>2307150000032813</NtryRef><Amt Ccy="EUR">10</Amt><CdtDbtInd>CRDT</CdtDbtInd><RvslInd>false</RvslInd><Sts>BOOK</Sts><BookgDt><Dt>2023-03-12</Dt></BookgDt><ValDt><Dt>2023-03-12</Dt></ValDt><BkTxCd><Prtry><Cd>10000405000</Cd><Issr>SBA</Issr></Prtry></BkTxCd><NtryDtls><TxDtls><Refs><AcctSvcrRef>F001120320235038623</AcctSvcrRef><EndToEndId>NOTPROVIDED</EndToEndId></Refs><BkTxCd><Prtry><Cd>10000405000</Cd><Issr>SBA</Issr></Prtry></BkTxCd><RltdPties><DbtrAcct><Id><IBAN>SK8602000000003091852156</IBAN></Id><Nm>Lucia Soltysova</Nm></DbtrAcct><CdtrAcct><Id><IBAN>SK8809000000005149764503</IBAN></Id><Nm>Papezske misijne diela</Nm></CdtrAcct></RltdPties><RltdAgts><DbtrAgt><FinInstnId><BIC>SUBASKBX</BIC></FinInstnId></DbtrAgt><CdtrAgt><FinInstnId><BIC>GIBASKBX</BIC></FinInstnId></CdtrAgt></RltdAgts><RmtInf><Ustrd>VS 77793201  lucka.soltysova gmail.com</Ustrd></RmtInf></TxDtls></NtryDtls></Ntry>
<Ntry><NtryRef>2307150000034099</NtryRef><Amt Ccy="EUR">200</Amt><CdtDbtInd>CRDT</CdtDbtInd><RvslInd>false</RvslInd><Sts>BOOK</Sts><BookgDt><Dt>2023-03-12</Dt></BookgDt><ValDt><Dt>2023-03-12</Dt></ValDt><BkTxCd><Prtry><Cd>10000405000</Cd><Issr>SBA</Issr></Prtry></BkTxCd><NtryDtls><TxDtls><Refs><AcctSvcrRef>F001120320235047122</AcctSvcrRef><EndToEndId>/VS88893205/SS/KS</EndToEndId></Refs><BkTxCd><Prtry><Cd>10000405000</Cd><Issr>SBA</Issr></Prtry></BkTxCd><RltdPties><DbtrAcct><Id><IBAN>SK6402000000002775037457</IBAN></Id><Nm>Lukas Tvrdy</Nm></DbtrAcct><CdtrAcct><Id><IBAN>SK8809000000005149764503</IBAN></Id><Nm>Papezske misijne diela</Nm></CdtrAcct></RltdPties><RltdAgts><DbtrAgt><FinInstnId><BIC>SUBASKBX</BIC></FinInstnId></DbtrAgt><CdtrAgt><FinInstnId><BIC>GIBASKBX</BIC></FinInstnId></CdtrAgt></RltdAgts><RmtInf><Ustrd>PAY by square 88893205</Ustrd></RmtInf></TxDtls></NtryDtls></Ntry>
<Ntry><NtryRef>FSY0015049166</NtryRef><Amt Ccy="EUR">50</Amt><CdtDbtInd>CRDT</CdtDbtInd><RvslInd>false</RvslInd><Sts>BOOK</Sts><BookgDt><Dt>2023-03-12</Dt></BookgDt><ValDt><Dt>2023-03-12</Dt></ValDt><BkTxCd><Prtry><Cd>10000403000</Cd><Issr>SBA</Issr></Prtry></BkTxCd><NtryDtls><TxDtls><Refs><AcctSvcrRef>F001120320235049167</AcctSvcrRef><EndToEndId>/VS320/SS/KS</EndToEndId></Refs><BkTxCd><Prtry><Cd>10000403000</Cd><Issr>SBA</Issr></Prtry></BkTxCd><RltdPties><DbtrAcct><Id><IBAN>SK3009000000000320686216</IBAN></Id><Nm>Stasova Beata,Stas Martin</Nm></DbtrAcct><CdtrAcct><Id><IBAN>SK8809000000005149764503</IBAN></Id><Nm>Papezske misijne diela</Nm></CdtrAcct></RltdPties><RltdAgts><DbtrAgt><FinInstnId><BIC>GIBASKBX</BIC></FinInstnId></DbtrAgt><CdtrAgt><FinInstnId><BIC>GIBASKBX</BIC></FinInstnId></CdtrAgt></RltdAgts><RmtInf><Ustrd>bohoslovec 3/2023 Zinsou</Ustrd></RmtInf></TxDtls></NtryDtls></Ntry>
<Ntry><NtryRef>FSY0015054260</NtryRef><Amt Ccy="EUR">155</Amt><CdtDbtInd>CRDT</CdtDbtInd><RvslInd>false</RvslInd><Sts>BOOK</Sts><BookgDt><Dt>2023-03-12</Dt></BookgDt><ValDt><Dt>2023-03-12</Dt></ValDt><BkTxCd><Prtry><Cd>10000403000</Cd><Issr>SBA</Issr></Prtry></BkTxCd><NtryDtls><TxDtls><Refs><AcctSvcrRef>F001120320235054261</AcctSvcrRef><EndToEndId>/VS77793157/SS/KS</EndToEndId></Refs><BkTxCd><Prtry><Cd>10000403000</Cd><Issr>SBA</Issr></Prtry></BkTxCd><RltdPties><DbtrAcct><Id><IBAN>SK5009000000000403800985</IBAN></Id><Nm>Rozekova Jana</Nm></DbtrAcct><CdtrAcct><Id><IBAN>SK8809000000005149764503</IBAN></Id><Nm>Papezske misijne diela</Nm></CdtrAcct></RltdPties><RltdAgts><DbtrAgt><FinInstnId><BIC>GIBASKBX</BIC></FinInstnId></DbtrAgt><CdtrAgt><FinInstnId><BIC>GIBASKBX</BIC></FinInstnId></CdtrAgt></RltdAgts><RmtInf><Ustrd>Jana Rozekova,poplatok za sv.omse za Jozefa Kuceru</Ustrd></RmtInf></TxDtls></NtryDtls></Ntry>
<Ntry><NtryRef>FSY0015054819</NtryRef><Amt Ccy="EUR">155</Amt><CdtDbtInd>CRDT</CdtDbtInd><RvslInd>false</RvslInd><Sts>BOOK</Sts><BookgDt><Dt>2023-03-12</Dt></BookgDt><ValDt><Dt>2023-03-12</Dt></ValDt><BkTxCd><Prtry><Cd>10000403000</Cd><Issr>SBA</Issr></Prtry></BkTxCd><NtryDtls><TxDtls><Refs><AcctSvcrRef>F001120320235054820</AcctSvcrRef><EndToEndId>/VS77793158/SS/KS</EndToEndId></Refs><BkTxCd><Prtry><Cd>10000403000</Cd><Issr>SBA</Issr></Prtry></BkTxCd><RltdPties><DbtrAcct><Id><IBAN>SK5009000000000403800985</IBAN></Id><Nm>Rozekova Jana</Nm></DbtrAcct><CdtrAcct><Id><IBAN>SK8809000000005149764503</IBAN></Id><Nm>Papezske misijne diela</Nm></CdtrAcct></RltdPties><RltdAgts><DbtrAgt><FinInstnId><BIC>GIBASKBX</BIC></FinInstnId></DbtrAgt><CdtrAgt><FinInstnId><BIC>GIBASKBX</BIC></FinInstnId></CdtrAgt></RltdAgts><RmtInf><Ustrd>Jana Rozekova,poplatok za sv.omse za Martu Kucerovu</Ustrd></RmtInf></TxDtls></NtryDtls></Ntry>
<Ntry><NtryRef>FSY0015055320</NtryRef><Amt Ccy="EUR">155</Amt><CdtDbtInd>CRDT</CdtDbtInd><RvslInd>false</RvslInd><Sts>BOOK</Sts><BookgDt><Dt>2023-03-12</Dt></BookgDt><ValDt><Dt>2023-03-12</Dt></ValDt><BkTxCd><Prtry><Cd>10000403000</Cd><Issr>SBA</Issr></Prtry></BkTxCd><NtryDtls><TxDtls><Refs><AcctSvcrRef>F001120320235055321</AcctSvcrRef><EndToEndId>/VS77793159/SS/KS</EndToEndId></Refs><BkTxCd><Prtry><Cd>10000403000</Cd><Issr>SBA</Issr></Prtry></BkTxCd><RltdPties><DbtrAcct><Id><IBAN>SK5009000000000403800985</IBAN></Id><Nm>Rozekova Jana</Nm></DbtrAcct><CdtrAcct><Id><IBAN>SK8809000000005149764503</IBAN></Id><Nm>Papezske misijne diela</Nm></CdtrAcct></RltdPties><RltdAgts><DbtrAgt><FinInstnId><BIC>GIBASKBX</BIC></FinInstnId></DbtrAgt><CdtrAgt><FinInstnId><BIC>GIBASKBX</BIC></FinInstnId></CdtrAgt></RltdAgts><RmtInf><Ustrd>Jana Rozekova,poplatok za sv.omse za Bozenu Rozekovu</Ustrd></RmtInf></TxDtls></NtryDtls></Ntry>
<Ntry><NtryRef>2307150000037408</NtryRef><Amt Ccy="EUR">50</Amt><CdtDbtInd>CRDT</CdtDbtInd><RvslInd>false</RvslInd><Sts>BOOK</Sts><BookgDt><Dt>2023-03-12</Dt></BookgDt><ValDt><Dt>2023-03-12</Dt></ValDt><BkTxCd><Prtry><Cd>10000405000</Cd><Issr>SBA</Issr></Prtry></BkTxCd><NtryDtls><TxDtls><Refs><AcctSvcrRef>F001120320235067323</AcctSvcrRef><EndToEndId>/VS77793210/SS/KS0308</EndToEndId></Refs><BkTxCd><Prtry><Cd>10000405000</Cd><Issr>SBA</Issr></Prtry></BkTxCd><RltdPties><DbtrAcct><Id><IBAN>SK7402000000003556731953</IBAN></Id><Nm>Viera Cabadova</Nm></DbtrAcct><CdtrAcct><Id><IBAN>SK8809000000005149764503</IBAN></Id><Nm>Papezske misijne diela</Nm></CdtrAcct></RltdPties><RltdAgts><DbtrAgt><FinInstnId><BIC>SUBASKBX</BIC></FinInstnId></DbtrAgt><CdtrAgt><FinInstnId><BIC>GIBASKBX</BIC></FinInstnId></CdtrAgt></RltdAgts><RmtInf><Ustrd>cabadova viera</Ustrd></RmtInf></TxDtls></NtryDtls></Ntry>
</Stmt></BkToCstmrStmt></Document>