<?xml version="1.0" encoding="UTF-8" standalone="no"?>
<Document xmlns="urn:iso:std:iso:20022:tech:xsd:camt.053.001.02" xmlns:xsi="http://www.w3.org/2001/XMLSchema-instance"><BkToCstmrStmt><GrpHdr><MsgId>GIBASKBX-230410-SEPAXML~22307000</MsgId><CreDtTm>2023-04-10T22:59:37.0+02:00</CreDtTm><MsgRcpt><Nm>Papezske misijne diela</Nm><PstlAdr><StrtNm>Lazaretska  32</StrtNm><PstCd>81109</PstCd><TwnNm>Bratislava - Stare Mesto</TwnNm><Ctry>SK</Ctry></PstlAdr><Id><OrgId><Othr><Id>Papezske misijne diela</Id></Othr></OrgId></Id></MsgRcpt></GrpHdr><Stmt><Id>SK8809000000005149764503-2023-04-10</Id><ElctrncSeqNb>100</ElctrncSeqNb><LglSeqNb>100</LglSeqNb><CreDtTm>2023-04-10T22:59:37.0+02:00</CreDtTm><FrToDt><FrDtTm>2023-04-10T00:00:00.0+02:00</FrDtTm><ToDtTm>2023-04-10T23:59:59.0+02:00</ToDtTm></FrToDt><Acct><Id><IBAN>SK8809000000005149764503</IBAN></Id><Ccy>EUR</Ccy><Nm>Papezske misijne diela</Nm><Ownr><Nm>Papezske misijne diela</Nm><PstlAdr><StrtNm>Lazaretska  32</StrtNm><PstCd>81109</PstCd><TwnNm>Bratislava - Stare Mesto</TwnNm><Ctry>SK</Ctry></PstlAdr><Id><OrgId><Othr><Id>Papezske misijne diela</Id></Othr></OrgId></Id></Ownr><Svcr><FinInstnId><BIC>GIBASKBX</BIC><Nm>Slovenska sporitelna, a.s.</Nm><PstlAdr><StrtNm>Tomasikova</StrtNm><BldgNb>48</BldgNb><PstCd>83237</PstCd><TwnNm>Bratislava</TwnNm><Ctry>SK</Ctry></PstlAdr><Othr><Id>0900</Id></Othr></FinInstnId></Svcr></Acct><Bal><Tp><CdOrPrtry><Cd>PRCD</Cd></CdOrPrtry></Tp><Amt Ccy="EUR">3129383.58</Amt><CdtDbtInd>CRDT</CdtDbtInd><Dt><Dt>2023-04-10</Dt></Dt></Bal><Bal><Tp><CdOrPrtry><Cd>CLBD</Cd></CdOrPrtry></Tp><Amt Ccy="EUR">3131731.39</Amt><CdtDbtInd>CRDT</CdtDbtInd><Dt><Dt>2023-04-10</Dt></Dt></Bal><Bal><Tp><CdOrPrtry><Cd>CLAV</Cd></CdOrPrtry></Tp><CdtLine><Incl>true</Incl><Amt Ccy="EUR">0</Amt></CdtLine><Amt Ccy="EUR">3131621.39</Amt><CdtDbtInd>CRDT</CdtDbtInd><Dt><Dt>2023-04-10</Dt></Dt></Bal><TxsSummry><TtlNtries><NbOfNtries>75</NbOfNtries><Sum>2428.19</Sum><TtlNetNtryAmt>2347.81</TtlNetNtryAmt><CdtDbtInd>CRDT</CdtDbtInd></TtlNtries><TtlCdtNtries><NbOfNtries>73</NbOfNtries><Sum>2388</Sum></TtlCdtNtries><TtlDbtNtries><NbOfNtries>2</NbOfNtries><Sum>40.19</Sum></TtlDbtNtries></TxsSummry>
<Ntry><NtryRef>OO23040900011435</NtryRef><Amt Ccy="EUR">5</Amt><CdtDbtInd>CRDT</CdtDbtInd><RvslInd>false</RvslInd><Sts>BOOK</Sts><BookgDt><Dt>2023-04-10</Dt></BookgDt><ValDt><Dt>2023-04-09</Dt></ValDt><BkTxCd><Prtry><Cd>10000405000</Cd><Issr>SBA</Issr></Prtry></BkTxCd><NtryDtls><TxDtls><Refs><AcctSvcrRef>F001100420236558557</AcctSvcrRef><EndToEndId>/VS77794329/SS/KS</EndToEndId></Refs><BkTxCd><Prtry><Cd>10000405000</Cd><Issr>SBA</Issr></Prtry></BkTxCd><RltdPties><DbtrAcct><Id><IBAN>SK7011000000008012063929</IBAN></Id><Nm>Skulcova Kristina</Nm></DbtrAcct><CdtrAcct><Id><IBAN>SK8809000000005149764503</IBAN></Id><Nm>Papezske misijne diela</Nm></CdtrAcct></RltdPties><RltdAgts><DbtrAgt><FinInstnId><BIC>TATRSKBX</BIC></FinInstnId></DbtrAgt><CdtrAgt><FinInstnId><BIC>GIBASKBX</BIC></FinInstnId></CdtrAgt></RltdAgts><RmtInf><Ustrd>Bezhotovostny vklad-okamzita platba</Ustrd></RmtInf></TxDtls></NtryDtls></Ntry>
<Ntry><NtryRef>FSY0016576189</NtryRef><Amt Ccy="EUR">5</Amt><CdtDbtInd>CRDT</CdtDbtInd><RvslInd>false</RvslInd><Sts>BOOK</Sts><BookgDt><Dt>2023-04-10</Dt></BookgDt><ValDt><Dt>2023-04-10</Dt></ValDt><BkTxCd><Prtry><Cd>10000403000</Cd><Issr>SBA</Issr></Prtry></BkTxCd><NtryDtls><TxDtls><Refs><AcctSvcrRef>F001100420236576241</AcctSvcrRef><EndToEndId>/VS200/SS/KS</EndToEndId></Refs><BkTxCd><Prtry><Cd>10000403000</Cd><Issr>SBA</Issr></Prtry></BkTxCd><RltdPties><DbtrAcct><Id><IBAN>SK6109000000000491043557</IBAN></Id><Nm>Geci Vladimir</Nm></DbtrAcct><CdtrAcct><Id><IBAN>SK8809000000005149764503</IBAN></Id><Nm>Papezske misijne diela</Nm></CdtrAcct></RltdPties><RltdAgts><DbtrAgt><FinInstnId><BIC>GIBASKBX</BIC></FinInstnId></DbtrAgt><CdtrAgt><FinInstnId><BIC>GIBASKBX</BIC></FinInstnId></CdtrAgt></RltdAgts><RmtInf><Ustrd>bgeciova27@gmail.com</Ustrd></RmtInf></TxDtls></NtryDtls></Ntry>
<Ntry><NtryRef>FSY0016623436</NtryRef><Amt Ccy="EUR">10</Amt><CdtDbtInd>CRDT</CdtDbtInd><RvslInd>false</RvslInd><Sts>BOOK</Sts><BookgDt><Dt>2023-04-10</Dt></BookgDt><ValDt><Dt>2023-04-10</Dt></ValDt><BkTxCd><Prtry><Cd>10000403000</Cd><Issr>SBA</Issr></Prtry></BkTxCd><NtryDtls><TxDtls><Refs><AcctSvcrRef>F001100420236623470</AcctSvcrRef><EndToEndId>NOTPROVIDED</EndToEndId></Refs><BkTxCd><Prtry><Cd>10000403000</Cd><Issr>SBA</Issr></Prtry></BkTxCd><RltdPties><DbtrAcct><Id><IBAN>SK9209000000005049960355</IBAN></Id><Nm>Kosper Peter</Nm></DbtrAcct><CdtrAcct><Id><IBAN>SK8809000000005149764503</IBAN></Id><Nm>Papezske misijne diela</Nm></CdtrAcct></RltdPties><RltdAgts><DbtrAgt><FinInstnId><BIC>GIBASKBX</BIC></FinInstnId></DbtrAgt><CdtrAgt><FinInstnId><BIC>GIBASKBX</BIC></FinInstnId></CdtrAgt></RltdAgts><RmtInf><Ustrd>PMD - vseobecne potreby</Ustrd></RmtInf></TxDtls></NtryDtls></Ntry>
<Ntry><NtryRef>FSY0016627155</NtryRef><Amt Ccy="EUR">10</Amt><CdtDbtInd>CRDT</CdtDbtInd><RvslInd>false</RvslInd><Sts>BOOK</Sts><BookgDt><Dt>2023-04-10</Dt></BookgDt><ValDt><Dt>2023-04-10</Dt></ValDt><BkTxCd><Prtry><Cd>10000403000</Cd><Issr>SBA</Issr></Prtry></BkTxCd><NtryDtls><TxDtls><Refs><AcctSvcrRef>F001100420236627199</AcctSvcrRef><EndToEndId>/VS7171/SS/KS</EndToEndId></Refs><BkTxCd><Prtry><Cd>10000403000</Cd><Issr>SBA</Issr></Prtry></BkTxCd><RltdPties><DbtrAcct><Id><IBAN>SK2909000000000442422980</IBAN></Id><Nm>Seman Imrich</Nm></DbtrAcct><CdtrAcct><Id><IBAN>SK8809000000005149764503</IBAN></Id><Nm>Papezske misijne diela</Nm></CdtrAcct></RltdPties><RltdAgts><DbtrAgt><FinInstnId><BIC>GIBASKBX</BIC></FinInstnId></DbtrAgt><CdtrAgt><FinInstnId><BIC>GIBASKBX</BIC></FinInstnId></CdtrAgt></RltdAgts><RmtInf><Ustrd>Bezhotovostny vklad</Ustrd></RmtInf></TxDtls></NtryDtls></Ntry>
<Ntry><NtryRef>FSY0016638851</NtryRef><Amt Ccy="EUR">20</Amt><CdtDbtInd>CRDT</CdtDbtInd><RvslInd>false</RvslInd><Sts>BOOK</Sts><BookgDt><Dt>2023-04-10</Dt></BookgDt><ValDt><Dt>2023-04-10</Dt></ValDt><BkTxCd><Prtry><Cd>10000403000</Cd><Issr>SBA</Issr></Prtry></BkTxCd><NtryDtls><TxDtls><Refs><AcctSvcrRef>F001100420236638891</AcctSvcrRef><EndToEndId>/VS/SS/KS0298</EndToEndId></Refs><BkTxCd><Prtry><Cd>10000403000</Cd><Issr>SBA</Issr></Prtry></BkTxCd><RltdPties><DbtrAcct><Id><IBAN>SK9809000000000174584077</IBAN></Id><Nm>Svancara Silvester,Svancarova Olga</Nm></DbtrAcct><CdtrAcct><Id><IBAN>SK8809000000005149764503</IBAN></Id><Nm>Papezske misijne diela</Nm></CdtrAcct></RltdPties><RltdAgts><DbtrAgt><FinInstnId><BIC>GIBASKBX</BIC></FinInstnId></DbtrAgt><CdtrAgt><FinInstnId><BIC>GIBASKBX</BIC></FinInstnId></CdtrAgt></RltdAgts><RmtInf><Ustrd>svancara.silvo@centrum.sk</Ustrd></RmtInf></TxDtls></NtryDtls></Ntry>
<Ntry><NtryRef>FSY0016671429</NtryRef><Amt Ccy="EUR">3</Amt><CdtDbtInd>CRDT</CdtDbtInd><RvslInd>false</RvslInd><Sts>BOOK</Sts><BookgDt><Dt>2023-04-10</Dt></BookgDt><ValDt><Dt>2023-04-10</Dt></ValDt><BkTxCd><Prtry><Cd>10000403000</Cd><Issr>SBA</Issr></Prtry></BkTxCd><NtryDtls><TxDtls><Refs><AcctSvcrRef>F001100420236671471</AcctSvcrRef><EndToEndId>/VS888/SS/KS</EndToEndId></Refs><BkTxCd><Prtry><Cd>10000403000</Cd><Issr>SBA</Issr></Prtry></BkTxCd><RltdPties><DbtrAcct><Id><IBAN>SK7209000000000031112427</IBAN></Id><Nm>Horicka  Milos</Nm></DbtrAcct><CdtrAcct><Id><IBAN>SK8809000000005149764503</IBAN></Id><Nm>Papezske misijne diela</Nm></CdtrAcct></RltdPties><RltdAgts><DbtrAgt><FinInstnId><BIC>GIBASKBX</BIC></FinInstnId></DbtrAgt><CdtrAgt><FinInstnId><BIC>GIBASKBX</BIC></FinInstnId></CdtrAgt></RltdAgts><RmtInf><Ustrd>Milos Horicka</Ustrd></RmtInf></TxDtls></NtryDtls></Ntry>
<Ntry><NtryRef>FSY0016678778</NtryRef><Amt Ccy="EUR">4</Amt><CdtDbtInd>CRDT</CdtDbtInd><RvslInd>false</RvslInd><Sts>BOOK</Sts><BookgDt><Dt>2023-04-10</Dt></BookgDt><ValDt><Dt>2023-04-10</Dt></ValDt><BkTxCd><Prtry><Cd>10000403000</Cd><Issr>SBA</Issr></Prtry></BkTxCd><NtryDtls><TxDtls><Refs><AcctSvcrRef>F001100420236678828</AcctSvcrRef><EndToEndId>NOTPROVIDED</EndToEndId></Refs><BkTxCd><Prtry><Cd>10000403000</Cd><Issr>SBA</Issr></Prtry></BkTxCd><RltdPties><DbtrAcct><Id><IBAN>SK0909000000005044638586</IBAN></Id><Nm>Kavuliakova Lucia</Nm></DbtrAcct><CdtrAcct><Id><IBAN>SK8809000000005149764503</IBAN></Id><Nm>Papezske misijne diela</Nm></CdtrAcct></RltdPties><RltdAgts><DbtrAgt><FinInstnId><BIC>GIBASKBX</BIC></FinInstnId></DbtrAgt><CdtrAgt><FinInstnId><BIC>GIBASKBX</BIC></FinInstnId></CdtrAgt></RltdAgts><RmtInf><Ustrd>DAR</Ustrd></RmtInf></TxDtls></NtryDtls></Ntry>
<Ntry><NtryRef>FSY0016683738</NtryRef><Amt Ccy="EUR">50</Amt><CdtDbtInd>CRDT</CdtDbtInd><RvslInd>false</RvslInd><Sts>BOOK</Sts><BookgDt><Dt>2023-04-10</Dt></BookgDt><ValDt><Dt>2023-04-10</Dt></ValDt><BkTxCd><Prtry><Cd>10000403000</Cd><Issr>SBA</Issr></Prtry></BkTxCd><NtryDtls><TxDtls><Refs><AcctSvcrRef>F001100420236683789</AcctSvcrRef><EndToEndId>/VS320/SS/KS</EndToEndId></Refs><BkTxCd><Prtry><Cd>10000403000</Cd><Issr>SBA</Issr></Prtry></BkTxCd><RltdPties><DbtrAcct><Id><IBAN>SK8709000000000231404838</IBAN></Id><Nm>Ivanicka Milos</Nm></DbtrAcct><CdtrAcct><Id><IBAN>SK8809000000005149764503</IBAN></Id><Nm>Papezske misijne diela</Nm></CdtrAcct></RltdPties><RltdAgts><DbtrAgt><FinInstnId><BIC>GIBASKBX</BIC></FinInstnId></DbtrAgt><CdtrAgt><FinInstnId><BIC>GIBASKBX</BIC></FinInstnId></CdtrAgt></RltdAgts><RmtInf><Ustrd>Bezhotovostny vklad</Ustrd></RmtInf></TxDtls></NtryDtls></Ntry>
<Ntry><NtryRef>FSY0016736040</NtryRef><Amt Ccy="EUR">50</Amt><CdtDbtInd>CRDT</CdtDbtInd><RvslInd>false</RvslInd><Sts>BOOK</Sts><BookgDt><Dt>2023-04-10</Dt></BookgDt><ValDt><Dt>2023-04-10</Dt></ValDt><BkTxCd><Prtry><Cd>10000403000</Cd><Issr>SBA</Issr></Prtry></BkTxCd><NtryDtls><TxDtls><Refs><AcctSvcrRef>F001100420236736091</AcctSvcrRef><EndToEndId>/VS320/SS/KS</EndToEndId></Refs><BkTxCd><Prtry><Cd>10000403000</Cd><Issr>SBA</Issr></Prtry></BkTxCd><RltdPties><DbtrAcct><Id><IBAN>SK1609000000000082102843</IBAN></Id><Nm>Leskova Viera</Nm></DbtrAcct><CdtrAcct><Id><IBAN>SK8809000000005149764503</IBAN></Id><Nm>Papezske misijne diela</Nm></CdtrAcct></RltdPties><RltdAgts><DbtrAgt><FinInstnId><BIC>GIBASKBX</BIC></FinInstnId></DbtrAgt><CdtrAgt><FinInstnId><BIC>GIBASKBX</BIC></FinInstnId></CdtrAgt></RltdAgts><RmtInf><Ustrd>Bezhotovostny vklad</Ustrd></RmtInf></TxDtls></NtryDtls></Ntry>
<Ntry><NtryRef>FSY0016755464</NtryRef><Amt Ccy="EUR">10</Amt><CdtDbtInd>CRDT</CdtDbtInd><RvslInd>false</RvslInd><Sts>BOOK</Sts><BookgDt><Dt>2023-04-10</Dt></BookgDt><ValDt><Dt>2023-04-10</Dt></ValDt><BkTxCd><Prtry><Cd>10000403000</Cd><Issr>SBA</Issr></Prtry></BkTxCd><NtryDtls><TxDtls><Refs><AcctSvcrRef>F001100420236755509</AcctSvcrRef><EndToEndId>/VS/SS/KS0968</EndToEndId></Refs><BkTxCd><Prtry><Cd>10000403000</Cd><Issr>SBA</Issr></Prtry></BkTxCd><RltdPties><DbtrAcct><Id><IBAN>SK6809000000000424179585</IBAN></Id><Nm>Hrabovcova Valeria</Nm></DbtrAcct><CdtrAcct><Id><IBAN>SK8809000000005149764503</IBAN></Id><Nm>Papezske misijne diela</Nm></CdtrAcct></RltdPties><RltdAgts><DbtrAgt><FinInstnId><BIC>GIBASKBX</BIC></FinInstnId></DbtrAgt><CdtrAgt><FinInstnId><BIC>GIBASKBX</BIC></FinInstnId></CdtrAgt></RltdAgts><RmtInf><Ustrd>Valeria Hrabovcova- prispevok na ak               tivity misijnych diel</Ustrd></RmtInf></TxDtls></NtryDtls></Ntry>
<Ntry><NtryRef>FSY0016779904</NtryRef><Amt Ccy="EUR">10</Amt><CdtDbtInd>CRDT</CdtDbtInd><RvslInd>false</RvslInd><Sts>BOOK</Sts><BookgDt><Dt>2023-04-10</Dt></BookgDt><ValDt><Dt>2023-04-10</Dt></ValDt><BkTxCd><Prtry><Cd>10000403000</Cd><Issr>SBA</Issr></Prtry></BkTxCd><NtryDtls><TxDtls><Refs><AcctSvcrRef>F001100420236779943</AcctSvcrRef><EndToEndId>/VS200/SS/KS</EndToEndId></Refs><BkTxCd><Prtry><Cd>10000403000</Cd><Issr>SBA</Issr></Prtry></BkTxCd><RltdPties><DbtrAcct><Id><IBAN>SK1809000000000313310552</IBAN></Id><Nm>Lasova Bozena</Nm></DbtrAcct><CdtrAcct><Id><IBAN>SK8809000000005149764503</IBAN></Id><Nm>Papezske misijne diela</Nm></CdtrAcct></RltdPties><RltdAgts><DbtrAgt><FinInstnId><BIC>GIBASKBX</BIC></FinInstnId></DbtrAgt><CdtrAgt><FinInstnId><BIC>GIBASKBX</BIC></FinInstnId></CdtrAgt></RltdAgts><RmtInf><Ustrd>Cierne 970</Ustrd></RmtInf></TxDtls></NtryDtls></Ntry>
<Ntry><NtryRef>FSY0016783848</NtryRef><Amt Ccy="EUR">50</Amt><CdtDbtInd>CRDT</CdtDbtInd><RvslInd>false</RvslInd><Sts>BOOK</Sts><BookgDt><Dt>2023-04-10</Dt></BookgDt><ValDt><Dt>2023-04-10</Dt></ValDt><BkTxCd><Prtry><Cd>10000403000</Cd><Issr>SBA</Issr></Prtry></BkTxCd><NtryDtls><TxDtls><Refs><AcctSvcrRef>F001100420236783899</AcctSvcrRef><EndToEndId>/VS320/SS/KS0558</EndToEndId></Refs><BkTxCd><Prtry><Cd>10000403000</Cd><Issr>SBA</Issr></Prtry></BkTxCd><RltdPties><DbtrAcct><Id><IBAN>SK1409000000000076454375</IBAN></Id><Nm>Kuricova Anna</Nm></DbtrAcct><CdtrAcct><Id><IBAN>SK8809000000005149764503</IBAN></Id><Nm>Papezske misijne diela</Nm></CdtrAcct></RltdPties><RltdAgts><DbtrAgt><FinInstnId><BIC>GIBASKBX</BIC></FinInstnId></DbtrAgt><CdtrAgt><FinInstnId><BIC>GIBASKBX</BIC></FinInstnId></CdtrAgt></RltdAgts><RmtInf><Ustrd>Anna Kuricova - seminarista</Ustrd></RmtInf></TxDtls></NtryDtls></Ntry>
<Ntry><NtryRef>FSY0016807387</NtryRef><Amt Ccy="EUR">100</Amt><CdtDbtInd>CRDT</CdtDbtInd><RvslInd>false</RvslInd><Sts>BOOK</Sts><BookgDt><Dt>2023-04-10</Dt></BookgDt><ValDt><Dt>2023-04-10</Dt></ValDt><BkTxCd><Prtry><Cd>10000403000</Cd><Issr>SBA</Issr></Prtry></BkTxCd><NtryDtls><TxDtls><Refs><AcctSvcrRef>F001100420236807420</AcctSvcrRef><EndToEndId>/VS320/SS/KS</EndToEndId></Refs><BkTxCd><Prtry><Cd>10000403000</Cd><Issr>SBA</Issr></Prtry></BkTxCd><RltdPties><DbtrAcct><Id><IBAN>SK6609000000000312178668</IBAN></Id><Nm>Cicka Vladimir</Nm></DbtrAcct><CdtrAcct><Id><IBAN>SK8809000000005149764503</IBAN></Id><Nm>Papezske misijne diela</Nm></CdtrAcct></RltdPties><RltdAgts><DbtrAgt><FinInstnId><BIC>GIBASKBX</BIC></FinInstnId></DbtrAgt><CdtrAgt><FinInstnId><BIC>GIBASKBX</BIC></FinInstnId></CdtrAgt></RltdAgts><RmtInf><Ustrd>ADOPCIA BOHOSLOVCA</Ustrd></RmtInf></TxDtls></NtryDtls></Ntry>
<Ntry><NtryRef>FSY0016812278</NtryRef><Amt Ccy="EUR">50</Amt><CdtDbtInd>CRDT</CdtDbtInd><RvslInd>false</RvslInd><Sts>BOOK</Sts><BookgDt><Dt>2023-04-10</Dt></BookgDt><ValDt><Dt>2023-04-10</Dt></ValDt><BkTxCd><Prtry><Cd>10000403000</Cd><Issr>SBA</Issr></Prtry></BkTxCd><NtryDtls><TxDtls><Refs><AcctSvcrRef>F001100420236812330</AcctSvcrRef><EndToEndId>/VS320/SS/KS</EndToEndId></Refs><BkTxCd><Prtry><Cd>10000403000</Cd><Issr>SBA</Issr></Prtry></BkTxCd><RltdPties><DbtrAcct><Id><IBAN>SK4609000000005177410841</IBAN></Id><Nm>Zugecova Monika</Nm></DbtrAcct><CdtrAcct><Id><IBAN>SK8809000000005149764503</IBAN></Id><Nm>Papezske misijne diela</Nm></CdtrAcct></RltdPties><RltdAgts><DbtrAgt><FinInstnId><BIC>GIBASKBX</BIC></FinInstnId></DbtrAgt><CdtrAgt><FinInstnId><BIC>GIBASKBX</BIC></FinInstnId></CdtrAgt></RltdAgts><RmtInf><Ustrd>Adopcia seminaristu</Ustrd></RmtInf></TxDtls></NtryDtls></Ntry>
<Ntry><NtryRef>FSY0016864892</NtryRef><Amt Ccy="EUR">20</Amt><CdtDbtInd>CRDT</CdtDbtInd><RvslInd>false</RvslInd><Sts>BOOK</Sts><BookgDt><Dt>2023-04-10</Dt></BookgDt><ValDt><Dt>2023-04-10</Dt></ValDt><BkTxCd><Prtry><Cd>10000403000</Cd><Issr>SBA</Issr></Prtry></BkTxCd><NtryDtls><TxDtls><Refs><AcctSvcrRef>F001100420236864927</AcctSvcrRef><EndToEndId>/VS200/SS/KS</EndToEndId></Refs><BkTxCd><Prtry><Cd>10000403000</Cd><Issr>SBA</Issr></Prtry></BkTxCd><RltdPties><DbtrAcct><Id><IBAN>SK1409000000000502358483</IBAN></Id><Nm>Drevenakova Lucia</Nm></DbtrAcct><CdtrAcct><Id><IBAN>SK8809000000005149764503</IBAN></Id><Nm>Papezske misijne diela</Nm></CdtrAcct></RltdPties><RltdAgts><DbtrAgt><FinInstnId><BIC>GIBASKBX</BIC></FinInstnId></DbtrAgt><CdtrAgt><FinInstnId><BIC>GIBASKBX</BIC></FinInstnId></CdtrAgt></RltdAgts><RmtInf><Ustrd>Bezhotovostny vklad</Ustrd></RmtInf></TxDtls></NtryDtls></Ntry>
<Ntry><NtryRef>FSY0016865030</NtryRef><Amt Ccy="EUR">30</Amt><CdtDbtInd>CRDT</CdtDbtInd><RvslInd>false</RvslInd><Sts>BOOK</Sts><BookgDt><Dt>2023-04-10</Dt></BookgDt><ValDt><Dt>2023-04-10</Dt></ValDt><BkTxCd><Prtry><Cd>10000403000</Cd><Issr>SBA</Issr></Prtry></BkTxCd><NtryDtls><TxDtls><Refs><AcctSvcrRef>F001100420236865055</AcctSvcrRef><EndToEndId>/VS7171/SS/KS</EndToEndId></Refs><BkTxCd><Prtry><Cd>10000403000</Cd><Issr>SBA</Issr></Prtry></BkTxCd><RltdPties><DbtrAcct><Id><IBAN>SK1409000000000502358483</IBAN></Id><Nm>Drevenakova Lucia</Nm></DbtrAcct><CdtrAcct><Id><IBAN>SK8809000000005149764503</IBAN></Id><Nm>Papezske misijne diela</Nm></CdtrAcct></RltdPties><RltdAgts><DbtrAgt><FinInstnId><BIC>GIBASKBX</BIC></FinInstnId></DbtrAgt><CdtrAgt><FinInstnId><BIC>GIBASKBX</BIC></FinInstnId></CdtrAgt></RltdAgts><RmtInf><Ustrd>Bezhotovostny vklad</Ustrd></RmtInf></TxDtls></NtryDtls></Ntry>
<Ntry><NtryRef>FSY0016865210</NtryRef><Amt Ccy="EUR">10</Amt><CdtDbtInd>CRDT</CdtDbtInd><RvslInd>false</RvslInd><Sts>BOOK</Sts><BookgDt><Dt>2023-04-10</Dt></BookgDt><ValDt><Dt>2023-04-10</Dt></ValDt><BkTxCd><Prtry><Cd>10000403000</Cd><Issr>SBA</Issr></Prtry></BkTxCd><NtryDtls><TxDtls><Refs><AcctSvcrRef>F001100420236865253</AcctSvcrRef><EndToEndId>/VS7171/SS/KS0558</EndToEndId></Refs><BkTxCd><Prtry><Cd>10000403000</Cd><Issr>SBA</Issr></Prtry></BkTxCd><RltdPties><DbtrAcct><Id><IBAN>SK8709000000000019145752</IBAN></Id><Nm>Fulierova Eva</Nm></DbtrAcct><CdtrAcct><Id><IBAN>SK8809000000005149764503</IBAN></Id><Nm>Papezske misijne diela</Nm></CdtrAcct></RltdPties><RltdAgts><DbtrAgt><FinInstnId><BIC>GIBASKBX</BIC></FinInstnId></DbtrAgt><CdtrAgt><FinInstnId><BIC>GIBASKBX</BIC></FinInstnId></CdtrAgt></RltdAgts><RmtInf><Ustrd>Eva Fulierova, Blatne</Ustrd></RmtInf></TxDtls></NtryDtls></Ntry>
<Ntry><NtryRef>FSY0016896782</NtryRef><Amt Ccy="EUR">10</Amt><CdtDbtInd>CRDT</CdtDbtInd><RvslInd>false</RvslInd><Sts>BOOK</Sts><BookgDt><Dt>2023-04-10</Dt></BookgDt><ValDt><Dt>2023-04-10</Dt></ValDt><BkTxCd><Prtry><Cd>10000403000</Cd><Issr>SBA</Issr></Prtry></BkTxCd><NtryDtls><TxDtls><Refs><AcctSvcrRef>F001100420236896829</AcctSvcrRef><EndToEndId>/VS7171/SS062022/KS0558</EndToEndId></Refs><BkTxCd><Prtry><Cd>10000403000</Cd><Issr>SBA</Issr></Prtry></BkTxCd><RltdPties><DbtrAcct><Id><IBAN>SK6409000000005131604886</IBAN></Id><Nm>Holubikova Eva</Nm></DbtrAcct><CdtrAcct><Id><IBAN>SK8809000000005149764503</IBAN></Id><Nm>Papezske misijne diela</Nm></CdtrAcct></RltdPties><RltdAgts><DbtrAgt><FinInstnId><BIC>GIBASKBX</BIC></FinInstnId></DbtrAgt><CdtrAgt><FinInstnId><BIC>GIBASKBX</BIC></FinInstnId></CdtrAgt></RltdAgts><RmtInf><Ustrd>misijny samaritan</Ustrd></RmtInf></TxDtls></NtryDtls></Ntry>
<Ntry><NtryRef>FSY0016931018</NtryRef><Amt Ccy="EUR">20</Amt><CdtDbtInd>CRDT</CdtDbtInd><RvslInd>false</RvslInd><Sts>BOOK</Sts><BookgDt><Dt>2023-04-10</Dt></BookgDt><ValDt><Dt>2023-04-10</Dt></ValDt><BkTxCd><Prtry><Cd>10000403000</Cd><Issr>SBA</Issr></Prtry></BkTxCd><NtryDtls><TxDtls><Refs><AcctSvcrRef>F001100420236931041</AcctSvcrRef><EndToEndId>/VS777/SS/KS</EndToEndId></Refs><BkTxCd><Prtry><Cd>10000403000</Cd><Issr>SBA</Issr></Prtry></BkTxCd><RltdPties><DbtrAcct><Id><IBAN>SK6909000000005136988102</IBAN></Id><Nm>Feltovic Jakub</Nm></DbtrAcct><CdtrAcct><Id><IBAN>SK8809000000005149764503</IBAN></Id><Nm>Papezske misijne diela</Nm></CdtrAcct></RltdPties><RltdAgts><DbtrAgt><FinInstnId><BIC>GIBASKBX</BIC></FinInstnId></DbtrAgt><CdtrAgt><FinInstnId><BIC>GIBASKBX</BIC></FinInstnId></CdtrAgt></RltdAgts><RmtInf><Ustrd>Jakub Feltovic, Sturova 90/25, 082 71 Lipany, feltovic.jakub(zavinac)gmail.com</Ustrd></RmtInf></TxDtls></NtryDtls></Ntry>
<Ntry><NtryRef>FSY0016956162</NtryRef><Amt Ccy="EUR">25</Amt><CdtDbtInd>CRDT</CdtDbtInd><RvslInd>false</RvslInd><Sts>BOOK</Sts><BookgDt><Dt>2023-04-10</Dt></BookgDt><ValDt><Dt>2023-04-10</Dt></ValDt><BkTxCd><Prtry><Cd>10000403000</Cd><Issr>SBA</Issr></Prtry></BkTxCd><NtryDtls><TxDtls><Refs><AcctSvcrRef>F001100420236956163</AcctSvcrRef><EndToEndId>/VS555/SS/KS</EndToEndId></Refs><BkTxCd><Prtry><Cd>10000403000</Cd><Issr>SBA</Issr></Prtry></BkTxCd><RltdPties><DbtrAcct><Id><IBAN>SK6109000000000491043557</IBAN></Id><Nm>Geci Vladimir</Nm></DbtrAcct><CdtrAcct><Id><IBAN>SK8809000000005149764503</IBAN></Id><Nm>Papezske misijne diela</Nm></CdtrAcct></RltdPties><RltdAgts><DbtrAgt><FinInstnId><BIC>GIBASKBX</BIC></FinInstnId></DbtrAgt><CdtrAgt><FinInstnId><BIC>GIBASKBX</BIC></FinInstnId></CdtrAgt></RltdAgts><RmtInf><Ustrd>bgeciova27@gmail.com</Ustrd></RmtInf></TxDtls></NtryDtls></Ntry>
<Ntry><NtryRef>2310050000001782</NtryRef><Amt Ccy="EUR">5</Amt><CdtDbtInd>CRDT</CdtDbtInd><RvslInd>false</RvslInd><Sts>BOOK</Sts><BookgDt><Dt>2023-04-10</Dt></BookgDt><ValDt><Dt>2023-04-10</Dt></ValDt><BkTxCd><Prtry><Cd>10000405000</Cd><Issr>SBA</Issr></Prtry></BkTxCd><NtryDtls><TxDtls><Refs><AcctSvcrRef>F001100420236957119</AcctSvcrRef><EndToEndId>NOTPROVIDED</EndToEndId></Refs><BkTxCd><Prtry><Cd>10000405000</Cd><Issr>SBA</Issr></Prtry></BkTxCd><RltdPties><DbtrAcct><Id><IBAN>SK9502000000001762781856</IBAN></Id><Nm>Katarina Jankovska</Nm></DbtrAcct><CdtrAcct><Id><IBAN>SK8809000000005149764503</IBAN></Id><Nm>Papezske misijne diela</Nm></CdtrAcct></RltdPties><RltdAgts><DbtrAgt><FinInstnId><BIC>SUBASKBX</BIC></FinInstnId></DbtrAgt><CdtrAgt><FinInstnId><BIC>GIBASKBX</BIC></FinInstnId></CdtrAgt></RltdAgts><RmtInf><Ustrd>Papezske misijne diela</Ustrd></RmtInf></TxDtls></NtryDtls></Ntry>
<Ntry><NtryRef>FSY0016958130</NtryRef><Amt Ccy="EUR">16</Amt><CdtDbtInd>CRDT</CdtDbtInd><RvslInd>false</RvslInd><Sts>BOOK</Sts><BookgDt><Dt>2023-04-10</Dt></BookgDt><ValDt><Dt>2023-04-10</Dt></ValDt><BkTxCd><Prtry><Cd>10000403000</Cd><Issr>SBA</Issr></Prtry></BkTxCd><NtryDtls><TxDtls><Refs><AcctSvcrRef>F001100420236958131</AcctSvcrRef><EndToEndId>/VS77794332/SS/KS</EndToEndId></Refs><BkTxCd><Prtry><Cd>10000403000</Cd><Issr>SBA</Issr></Prtry></BkTxCd><RltdPties><DbtrAcct><Id><IBAN>SK7409000000005118632217</IBAN></Id><Nm>Makelova Slavka</Nm></DbtrAcct><CdtrAcct><Id><IBAN>SK8809000000005149764503</IBAN></Id><Nm>Papezske misijne diela</Nm></CdtrAcct></RltdPties><RltdAgts><DbtrAgt><FinInstnId><BIC>GIBASKBX</BIC></FinInstnId></DbtrAgt><CdtrAgt><FinInstnId><BIC>GIBASKBX</BIC></FinInstnId></CdtrAgt></RltdAgts><RmtInf><Ustrd>10.APRIL 2023 ZA RODICOV</Ustrd></RmtInf></TxDtls></NtryDtls></Ntry>
<Ntry><NtryRef>FSY0016969609</NtryRef><Amt Ccy="EUR">50</Amt><CdtDbtInd>CRDT</CdtDbtInd><RvslInd>false</RvslInd><Sts>BOOK</Sts><BookgDt><Dt>2023-04-10</Dt></BookgDt><ValDt><Dt>2023-04-10</Dt></ValDt><BkTxCd><Prtry><Cd>10000403000</Cd><Issr>SBA</Issr></Prtry></BkTxCd><NtryDtls><TxDtls><Refs><AcctSvcrRef>F001100420236969610</AcctSvcrRef><EndToEndId>/VS6767/SS/KS</EndToEndId></Refs><BkTxCd><Prtry><Cd>10000403000</Cd><Issr>SBA</Issr></Prtry></BkTxCd><RltdPties><DbtrAcct><Id><IBAN>SK2409000000000096201164</IBAN></Id><Nm>Streckova Angela MVDr.</Nm></DbtrAcct><CdtrAcct><Id><IBAN>SK8809000000005149764503</IBAN></Id><Nm>Papezske misijne diela</Nm></CdtrAcct></RltdPties><RltdAgts><DbtrAgt><FinInstnId><BIC>GIBASKBX</BIC></FinInstnId></DbtrAgt><CdtrAgt><FinInstnId><BIC>GIBASKBX</BIC></FinInstnId></CdtrAgt></RltdAgts><RmtInf><Ustrd>Angela Streckova. Kamencova 2, Presov</Ustrd></RmtInf></TxDtls></NtryDtls></Ntry>
<Ntry><NtryRef>FSY0016970259</NtryRef><Amt Ccy="EUR">20</Amt><CdtDbtInd>CRDT</CdtDbtInd><RvslInd>false</RvslInd><Sts>BOOK</Sts><BookgDt><Dt>2023-04-10</Dt></BookgDt><ValDt><Dt>2023-04-10</Dt></ValDt><BkTxCd><Prtry><Cd>10000403000</Cd><Issr>SBA</Issr></Prtry></BkTxCd><NtryDtls><TxDtls><Refs><AcctSvcrRef>F001100420236970260</AcctSvcrRef><EndToEndId>/VS555/SS/KS</EndToEndId></Refs><BkTxCd><Prtry><Cd>10000403000</Cd><Issr>SBA</Issr></Prtry></BkTxCd><RltdPties><DbtrAcct><Id><IBAN>SK8409000000000045456183</IBAN></Id><Nm>Hanakova Bozena</Nm></DbtrAcct><CdtrAcct><Id><IBAN>SK8809000000005149764503</IBAN></Id><Nm>Papezske misijne diela</Nm></CdtrAcct></RltdPties><RltdAgts><DbtrAgt><FinInstnId><BIC>GIBASKBX</BIC></FinInstnId></DbtrAgt><CdtrAgt><FinInstnId><BIC>GIBASKBX</BIC></FinInstnId></CdtrAgt></RltdAgts><RmtInf><Ustrd>bozka. hanakova@gmail.com</Ustrd></RmtInf></TxDtls></NtryDtls></Ntry>
<Ntry><NtryRef>FSY0016973543</NtryRef><Amt Ccy="EUR">10</Amt><CdtDbtInd>CRDT</CdtDbtInd><RvslInd>false</RvslInd><Sts>BOOK</Sts><BookgDt><Dt>2023-04-10</Dt></BookgDt><ValDt><Dt>2023-04-10</Dt></ValDt><BkTxCd><Prtry><Cd>10000403000</Cd><Issr>SBA</Issr></Prtry></BkTxCd><NtryDtls><TxDtls><Refs><AcctSvcrRef>F001100420236973544</AcctSvcrRef><EndToEndId>/VS555/SS/KS0308</EndToEndId></Refs><BkTxCd><Prtry><Cd>10000403000</Cd><Issr>SBA</Issr></Prtry></BkTxCd><RltdPties><DbtrAcct><Id><IBAN>SK6009000000000109090652</IBAN></Id><Nm>Mikulajcikova Anna</Nm></DbtrAcct><CdtrAcct><Id><IBAN>SK8809000000005149764503</IBAN></Id><Nm>Papezske misijne diela</Nm></CdtrAcct></RltdPties><RltdAgts><DbtrAgt><FinInstnId><BIC>GIBASKBX</BIC></FinInstnId></DbtrAgt><CdtrAgt><FinInstnId><BIC>GIBASKBX</BIC></FinInstnId></CdtrAgt></RltdAgts><RmtInf><Ustrd>Bezhotovostny vklad</Ustrd></RmtInf></TxDtls></NtryDtls></Ntry>
<Ntry><NtryRef>OO23041000003014</NtryRef><Amt Ccy="EUR">200</Amt><CdtDbtInd>CRDT</CdtDbtInd><RvslInd>false</RvslInd><Sts>BOOK</Sts><BookgDt><Dt>2023-04-10</Dt></BookgDt><ValDt><Dt>2023-04-10</Dt></ValDt><BkTxCd><Prtry><Cd>10000405000</Cd><Issr>SBA</Issr></Prtry></BkTxCd><NtryDtls><TxDtls><Refs><AcctSvcrRef>F001100420236975925</AcctSvcrRef><EndToEndId>/VS77794334/SS/KS</EndToEndId></Refs><BkTxCd><Prtry><Cd>10000405000</Cd><Issr>SBA</Issr></Prtry></BkTxCd><RltdPties><DbtrAcct><Id><IBAN>SK2611000000008018217140</IBAN></Id><Nm>Balazova Lubica</Nm></DbtrAcct><CdtrAcct><Id><IBAN>SK8809000000005149764503</IBAN></Id><Nm>Papezske misijne diela</Nm></CdtrAcct></RltdPties><RltdAgts><DbtrAgt><FinInstnId><BIC>TATRSKBX</BIC></FinInstnId></DbtrAgt><CdtrAgt><FinInstnId><BIC>GIBASKBX</BIC></FinInstnId></CdtrAgt></RltdAgts><RmtInf><Ustrd>Bezhotovostny vklad-okamzita platba</Ustrd></RmtInf></TxDtls></NtryDtls></Ntry>
<Ntry><NtryRef>FSY0016976012</NtryRef><Amt Ccy="EUR">30</Amt><CdtDbtInd>CRDT</CdtDbtInd><RvslInd>false</RvslInd><Sts>BOOK</Sts><BookgDt><Dt>2023-04-10</Dt></BookgDt><ValDt><Dt>2023-04-10</Dt></ValDt><BkTxCd><Prtry><Cd>10000403000</Cd><Issr>SBA</Issr></Prtry></BkTxCd><NtryDtls><TxDtls><Refs><AcctSvcrRef>F001100420236976013</AcctSvcrRef><EndToEndId>NOTPROVIDED</EndToEndId></Refs><BkTxCd><Prtry><Cd>10000403000</Cd><Issr>SBA</Issr></Prtry></BkTxCd><RltdPties><DbtrAcct><Id><IBAN>SK8709000000000041648006</IBAN></Id><Nm>Ondras Jan</Nm></DbtrAcct><CdtrAcct><Id><IBAN>SK8809000000005149764503</IBAN></Id><Nm>Papezske misijne diela</Nm></CdtrAcct></RltdPties><RltdAgts><DbtrAgt><FinInstnId><BIC>GIBASKBX</BIC></FinInstnId></DbtrAgt><CdtrAgt><FinInstnId><BIC>GIBASKBX</BIC></FinInstnId></CdtrAgt></RltdAgts><RmtInf><Ustrd>555- Ghana</Ustrd></RmtInf></TxDtls></NtryDtls></Ntry>
<Ntry><NtryRef>FSY0016978914</NtryRef><Amt Ccy="EUR">10</Amt><CdtDbtInd>CRDT</CdtDbtInd><RvslInd>false</RvslInd><Sts>BOOK</Sts><BookgDt><Dt>2023-04-10</Dt></BookgDt><ValDt><Dt>2023-04-10</Dt></ValDt><BkTxCd><Prtry><Cd>10000403000</Cd><Issr>SBA</Issr></Prtry></BkTxCd><NtryDtls><TxDtls><Refs><AcctSvcrRef>F001100420236978915</AcctSvcrRef><EndToEndId>/VS7171/SS/KS</EndToEndId></Refs><BkTxCd><Prtry><Cd>10000403000</Cd><Issr>SBA</Issr></Prtry></BkTxCd><RltdPties><DbtrAcct><Id><IBAN>SK6809000000000051964686</IBAN></Id><Nm>Hruska Stefan</Nm></DbtrAcct><CdtrAcct><Id><IBAN>SK8809000000005149764503</IBAN></Id><Nm>Papezske misijne diela</Nm></CdtrAcct></RltdPties><RltdAgts><DbtrAgt><FinInstnId><BIC>GIBASKBX</BIC></FinInstnId></DbtrAgt><CdtrAgt><FinInstnId><BIC>GIBASKBX</BIC></FinInstnId></CdtrAgt></RltdAgts><RmtInf><Ustrd>Stefan Hruska Kornica 905 02322 Klokocov</Ustrd></RmtInf></TxDtls></NtryDtls></Ntry>
<Ntry><NtryRef>FSY0016984525</NtryRef><Amt Ccy="EUR">5</Amt><CdtDbtInd>CRDT</CdtDbtInd><RvslInd>false</RvslInd><Sts>BOOK</Sts><BookgDt><Dt>2023-04-10</Dt></BookgDt><ValDt><Dt>2023-04-10</Dt></ValDt><BkTxCd><Prtry><Cd>10000403000</Cd><Issr>SBA</Issr></Prtry></BkTxCd><NtryDtls><TxDtls><Refs><AcctSvcrRef>F001100420236984526</AcctSvcrRef><EndToEndId>/VS5557/SS/KS</EndToEndId></Refs><BkTxCd><Prtry><Cd>10000403000</Cd><Issr>SBA</Issr></Prtry></BkTxCd><RltdPties><DbtrAcct><Id><IBAN>SK5109000000000038426314</IBAN></Id><Nm>JAKUBIK STEFAN</Nm></DbtrAcct><CdtrAcct><Id><IBAN>SK8809000000005149764503</IBAN></Id><Nm>Papezske misijne diela</Nm></CdtrAcct></RltdPties><RltdAgts><DbtrAgt><FinInstnId><BIC>GIBASKBX</BIC></FinInstnId></DbtrAgt><CdtrAgt><FinInstnId><BIC>GIBASKBX</BIC></FinInstnId></CdtrAgt></RltdAgts><RmtInf><Ustrd>Bezhotovostny vklad</Ustrd></RmtInf></TxDtls></NtryDtls></Ntry>
<Ntry><NtryRef>FSY0016985124</NtryRef><Amt Ccy="EUR">10</Amt><CdtDbtInd>CRDT</CdtDbtInd><RvslInd>false</RvslInd><Sts>BOOK</Sts><BookgDt><Dt>2023-04-10</Dt></BookgDt><ValDt><Dt>2023-04-10</Dt></ValDt><BkTxCd><Prtry><Cd>10000403000</Cd><Issr>SBA</Issr></Prtry></BkTxCd><NtryDtls><TxDtls><Refs><AcctSvcrRef>F001100420236985125</AcctSvcrRef><EndToEndId>/VS555/SS/KS</EndToEndId></Refs><BkTxCd><Prtry><Cd>10000403000</Cd><Issr>SBA</Issr></Prtry></BkTxCd><RltdPties><DbtrAcct><Id><IBAN>SK7609000000000081933856</IBAN></Id><Nm>Mullerova Agnesa</Nm></DbtrAcct><CdtrAcct><Id><IBAN>SK8809000000005149764503</IBAN></Id><Nm>Papezske misijne diela</Nm></CdtrAcct></RltdPties><RltdAgts><DbtrAgt><FinInstnId><BIC>GIBASKBX</BIC></FinInstnId></DbtrAgt><CdtrAgt><FinInstnId><BIC>GIBASKBX</BIC></FinInstnId></CdtrAgt></RltdAgts><RmtInf><Ustrd>Bezhotovostny vklad</Ustrd></RmtInf></TxDtls></NtryDtls></Ntry>
<Ntry><NtryRef>FSY0016988034</NtryRef><Amt Ccy="EUR">10</Amt><CdtDbtInd>CRDT</CdtDbtInd><RvslInd>false</RvslInd><Sts>BOOK</Sts><BookgDt><Dt>2023-04-10</Dt></BookgDt><ValDt><Dt>2023-04-10</Dt></ValDt><BkTxCd><Prtry><Cd>10000403000</Cd><Issr>SBA</Issr></Prtry></BkTxCd><NtryDtls><TxDtls><Refs><AcctSvcrRef>F001100420236988035</AcctSvcrRef><EndToEndId>/VS5557/SS/KS</EndToEndId></Refs><BkTxCd><Prtry><Cd>10000403000</Cd><Issr>SBA</Issr></Prtry></BkTxCd><RltdPties><DbtrAcct><Id><IBAN>SK2709000000000037198532</IBAN></Id><Nm>GULISEK JAN</Nm></DbtrAcct><CdtrAcct><Id><IBAN>SK8809000000005149764503</IBAN></Id><Nm>Papezske misijne diela</Nm></CdtrAcct></RltdPties><RltdAgts><DbtrAgt><FinInstnId><BIC>GIBASKBX</BIC></FinInstnId></DbtrAgt><CdtrAgt><FinInstnId><BIC>GIBASKBX</BIC></FinInstnId></CdtrAgt></RltdAgts><RmtInf><Ustrd>Bezhotovostny vklad</Ustrd></RmtInf></TxDtls></NtryDtls></Ntry>
<Ntry><NtryRef>FSY0016989008</NtryRef><Amt Ccy="EUR">20</Amt><CdtDbtInd>CRDT</CdtDbtInd><RvslInd>false</RvslInd><Sts>BOOK</Sts><BookgDt><Dt>2023-04-10</Dt></BookgDt><ValDt><Dt>2023-04-10</Dt></ValDt><BkTxCd><Prtry><Cd>10000403000</Cd><Issr>SBA</Issr></Prtry></BkTxCd><NtryDtls><TxDtls><Refs><AcctSvcrRef>F001100420236989009</AcctSvcrRef><EndToEndId>/VS5557/SS/KS</EndToEndId></Refs><BkTxCd><Prtry><Cd>10000403000</Cd><Issr>SBA</Issr></Prtry></BkTxCd><RltdPties><DbtrAcct><Id><IBAN>SK9209000000000093073048</IBAN></Id><Nm>DVORCAK JAN ING.</Nm></DbtrAcct><CdtrAcct><Id><IBAN>SK8809000000005149764503</IBAN></Id><Nm>Papezske misijne diela</Nm></CdtrAcct></RltdPties><RltdAgts><DbtrAgt><FinInstnId><BIC>GIBASKBX</BIC></FinInstnId></DbtrAgt><CdtrAgt><FinInstnId><BIC>GIBASKBX</BIC></FinInstnId></CdtrAgt></RltdAgts><RmtInf><Ustrd>Bezhotovostny vklad</Ustrd></RmtInf></TxDtls></NtryDtls></Ntry>
<Ntry><NtryRef>FSY0016998403</NtryRef><Amt Ccy="EUR">20</Amt><CdtDbtInd>CRDT</CdtDbtInd><RvslInd>false</RvslInd><Sts>BOOK</Sts><BookgDt><Dt>2023-04-10</Dt></BookgDt><ValDt><Dt>2023-04-10</Dt></ValDt><BkTxCd><Prtry><Cd>10000403000</Cd><Issr>SBA</Issr></Prtry></BkTxCd><NtryDtls><TxDtls><Refs><AcctSvcrRef>F001100420236998405</AcctSvcrRef><EndToEndId>/VS200/SS/KS</EndToEndId></Refs><BkTxCd><Prtry><Cd>10000403000</Cd><Issr>SBA</Issr></Prtry></BkTxCd><RltdPties><DbtrAcct><Id><IBAN>SK0709000000000501279193</IBAN></Id><Nm>Glova Ondrej</Nm></DbtrAcct><CdtrAcct><Id><IBAN>SK8809000000005149764503</IBAN></Id><Nm>Papezske misijne diela</Nm></CdtrAcct></RltdPties><RltdAgts><DbtrAgt><FinInstnId><BIC>GIBASKBX</BIC></FinInstnId></DbtrAgt><CdtrAgt><FinInstnId><BIC>GIBASKBX</BIC></FinInstnId></CdtrAgt></RltdAgts><RmtInf><Ustrd>Magdalena, Presov</Ustrd></RmtInf></TxDtls></NtryDtls></Ntry>
<Ntry><NtryRef>FSY0017000343</NtryRef><Amt Ccy="EUR">20</Amt><CdtDbtInd>CRDT</CdtDbtInd><RvslInd>false</RvslInd><Sts>BOOK</Sts><BookgDt><Dt>2023-04-10</Dt></BookgDt><ValDt><Dt>2023-04-10</Dt></ValDt><BkTxCd><Prtry><Cd>10000403000</Cd><Issr>SBA</Issr></Prtry></BkTxCd><NtryDtls><TxDtls><Refs><AcctSvcrRef>F001100420237000344</AcctSvcrRef><EndToEndId>/VS77794336/SS/KS0308</EndToEndId></Refs><BkTxCd><Prtry><Cd>10000403000</Cd><Issr>SBA</Issr></Prtry></BkTxCd><RltdPties><DbtrAcct><Id><IBAN>SK2009000000000041405645</IBAN></Id><Nm>Kopcanova Terezia</Nm></DbtrAcct><CdtrAcct><Id><IBAN>SK8809000000005149764503</IBAN></Id><Nm>Papezske misijne diela</Nm></CdtrAcct></RltdPties><RltdAgts><DbtrAgt><FinInstnId><BIC>GIBASKBX</BIC></FinInstnId></DbtrAgt><CdtrAgt><FinInstnId><BIC>GIBASKBX</BIC></FinInstnId></CdtrAgt></RltdAgts><RmtInf><Ustrd>Poplatok za svate omse a prispevok.</Ustrd></RmtInf></TxDtls></NtryDtls></Ntry>
<Ntry><NtryRef>OO23041000005298</NtryRef><Amt Ccy="EUR">50</Amt><CdtDbtInd>CRDT</CdtDbtInd><RvslInd>false</RvslInd><Sts>BOOK</Sts><BookgDt><Dt>2023-04-10</Dt></BookgDt><ValDt><Dt>2023-04-10</Dt></ValDt><BkTxCd><Prtry><Cd>10000405000</Cd><Issr>SBA</Issr></Prtry></BkTxCd><NtryDtls><TxDtls><Refs><AcctSvcrRef>F001100420237003229</AcctSvcrRef><EndToEndId>/VS77794338/SS/KS</EndToEndId></Refs><BkTxCd><Prtry><Cd>10000405000</Cd><Issr>SBA</Issr></Prtry></BkTxCd><RltdPties><DbtrAcct><Id><IBAN>SK9611000000002911657088</IBAN></Id><Nm>Zacharova Klara</Nm></DbtrAcct><CdtrAcct><Id><IBAN>SK8809000000005149764503</IBAN></Id><Nm>Papezske misijne diela</Nm></CdtrAcct></RltdPties><RltdAgts><DbtrAgt><FinInstnId><BIC>TATRSKBX</BIC></FinInstnId></DbtrAgt><CdtrAgt><FinInstnId><BIC>GIBASKBX</BIC></FinInstnId></CdtrAgt></RltdAgts><RmtInf><Ustrd>Bezhotovostny vklad-okamzita platba</Ustrd></RmtInf></TxDtls></NtryDtls></Ntry>
<Ntry><NtryRef>2310050000008425</NtryRef><Amt Ccy="EUR">40</Amt><CdtDbtInd>CRDT</CdtDbtInd><RvslInd>false</RvslInd><Sts>BOOK</Sts><BookgDt><Dt>2023-04-10</Dt></BookgDt><ValDt><Dt>2023-04-10</Dt></ValDt><BkTxCd><Prtry><Cd>10000405000</Cd><Issr>SBA</Issr></Prtry></BkTxCd><NtryDtls><TxDtls><Refs><AcctSvcrRef>F001100420237004559</AcctSvcrRef><EndToEndId>/VS5557/SS/KS</EndToEndId></Refs><BkTxCd><Prtry><Cd>10000405000</Cd><Issr>SBA</Issr></Prtry></BkTxCd><RltdPties><DbtrAcct><Id><IBAN>SK6502000000003586377158</IBAN></Id><Nm>Zuzana Schreinerova</Nm></DbtrAcct><CdtrAcct><Id><IBAN>SK8809000000005149764503</IBAN></Id><Nm>Papezske misijne diela</Nm></CdtrAcct></RltdPties><RltdAgts><DbtrAgt><FinInstnId><BIC>SUBASKBX</BIC></FinInstnId></DbtrAgt><CdtrAgt><FinInstnId><BIC>GIBASKBX</BIC></FinInstnId></CdtrAgt></RltdAgts><RmtInf><Ustrd>Bezhotovostny vklad-okamzita platba</Ustrd></RmtInf></TxDtls></NtryDtls></Ntry>
<Ntry><NtryRef>2310050000009279</NtryRef><Amt Ccy="EUR">150</Amt><CdtDbtInd>CRDT</CdtDbtInd><RvslInd>false</RvslInd><Sts>BOOK</Sts><BookgDt><Dt>2023-04-10</Dt></BookgDt><ValDt><Dt>2023-04-10</Dt></ValDt><BkTxCd><Prtry><Cd>10000405000</Cd><Issr>SBA</Issr></Prtry></BkTxCd><NtryDtls><TxDtls><Refs><AcctSvcrRef>F001100420237010826</AcctSvcrRef><EndToEndId>/VS77794339/SS/KS</EndToEndId></Refs><BkTxCd><Prtry><Cd>10000405000</Cd><Issr>SBA</Issr></Prtry></BkTxCd><RltdPties><DbtrAcct><Id><IBAN>SK2902000000004527175956</IBAN></Id><Nm>Miroslava Valachovicova</Nm></DbtrAcct><CdtrAcct><Id><IBAN>SK8809000000005149764503</IBAN></Id><Nm>Papezske misijne diela</Nm></CdtrAcct></RltdPties><RltdAgts><DbtrAgt><FinInstnId><BIC>SUBASKBX</BIC></FinInstnId></DbtrAgt><CdtrAgt><FinInstnId><BIC>GIBASKBX</BIC></FinInstnId></CdtrAgt></RltdAgts><RmtInf><Ustrd>M.Valachovicova, Kuty Nova 1226, Greg.omse</Ustrd></RmtInf></TxDtls></NtryDtls></Ntry>
<Ntry><NtryRef>FSY0017012259</NtryRef><Amt Ccy="EUR">50</Amt><CdtDbtInd>CRDT</CdtDbtInd><RvslInd>false</RvslInd><Sts>BOOK</Sts><BookgDt><Dt>2023-04-10</Dt></BookgDt><ValDt><Dt>2023-04-10</Dt></ValDt><BkTxCd><Prtry><Cd>10000403000</Cd><Issr>SBA</Issr></Prtry></BkTxCd><NtryDtls><TxDtls><Refs><AcctSvcrRef>F001100420237012260</AcctSvcrRef><EndToEndId>/VS300/SS/KS</EndToEndId></Refs><BkTxCd><Prtry><Cd>10000403000</Cd><Issr>SBA</Issr></Prtry></BkTxCd><RltdPties><DbtrAcct><Id><IBAN>SK6009000000000076430170</IBAN></Id><Nm>OMETAK JAN</Nm></DbtrAcct><CdtrAcct><Id><IBAN>SK8809000000005149764503</IBAN></Id><Nm>Papezske misijne diela</Nm></CdtrAcct></RltdPties><RltdAgts><DbtrAgt><FinInstnId><BIC>GIBASKBX</BIC></FinInstnId></DbtrAgt><CdtrAgt><FinInstnId><BIC>GIBASKBX</BIC></FinInstnId></CdtrAgt></RltdAgts><RmtInf><Ustrd>Novena 9.sv omsi - Ometakova Eva</Ustrd></RmtInf></TxDtls></NtryDtls></Ntry>
<Ntry><NtryRef>FSY0017012283</NtryRef><Amt Ccy="EUR">20</Amt><CdtDbtInd>CRDT</CdtDbtInd><RvslInd>false</RvslInd><Sts>BOOK</Sts><BookgDt><Dt>2023-04-10</Dt></BookgDt><ValDt><Dt>2023-04-10</Dt></ValDt><BkTxCd><Prtry><Cd>10000403000</Cd><Issr>SBA</Issr></Prtry></BkTxCd><NtryDtls><TxDtls><Refs><AcctSvcrRef>F001100420237012284</AcctSvcrRef><EndToEndId>olga krizova</EndToEndId></Refs><BkTxCd><Prtry><Cd>10000403000</Cd><Issr>SBA</Issr></Prtry></BkTxCd><RltdPties><DbtrAcct><Id><IBAN>SK8009000000000076261127</IBAN></Id><Nm>Krizova Olga Ing.</Nm></DbtrAcct><CdtrAcct><Id><IBAN>SK8809000000005149764503</IBAN></Id><Nm>Papezske misijne diela</Nm></CdtrAcct></RltdPties><RltdAgts><DbtrAgt><FinInstnId><BIC>GIBASKBX</BIC></FinInstnId></DbtrAgt><CdtrAgt><FinInstnId><BIC>GIBASKBX</BIC></FinInstnId></CdtrAgt></RltdAgts><RmtInf><Ustrd>555</Ustrd></RmtInf></TxDtls></NtryDtls></Ntry>
<Ntry><NtryRef>2310050000009696</NtryRef><Amt Ccy="EUR">10</Amt><CdtDbtInd>CRDT</CdtDbtInd><RvslInd>false</RvslInd><Sts>BOOK</Sts><BookgDt><Dt>2023-04-10</Dt></BookgDt><ValDt><Dt>2023-04-10</Dt></ValDt><BkTxCd><Prtry><Cd>10000405000</Cd><Issr>SBA</Issr></Prtry></BkTxCd><NtryDtls><TxDtls><Refs><AcctSvcrRef>F001100420237013812</AcctSvcrRef><EndToEndId>/VS77794340/SS/KS</EndToEndId></Refs><BkTxCd><Prtry><Cd>10000405000</Cd><Issr>SBA</Issr></Prtry></BkTxCd><RltdPties><DbtrAcct><Id><IBAN>SK1302000000002814748332</IBAN></Id><Nm>Marta Balkova</Nm></DbtrAcct><CdtrAcct><Id><IBAN>SK8809000000005149764503</IBAN></Id><Nm>Papezske misijne diela</Nm></CdtrAcct></RltdPties><RltdAgts><DbtrAgt><FinInstnId><BIC>SUBASKBX</BIC></FinInstnId></DbtrAgt><CdtrAgt><FinInstnId><BIC>GIBASKBX</BIC></FinInstnId></CdtrAgt></RltdAgts><RmtInf><Ustrd>balkova zakamenne 229</Ustrd></RmtInf></TxDtls></NtryDtls></Ntry>
<Ntry><NtryRef>FSY0017015871</NtryRef><Amt Ccy="EUR">10</Amt><CdtDbtInd>CRDT</CdtDbtInd><RvslInd>false</RvslInd><Sts>BOOK</Sts><BookgDt><Dt>2023-04-10</Dt></BookgDt><ValDt><Dt>2023-04-10</Dt></ValDt><BkTxCd><Prtry><Cd>10000403000</Cd><Issr>SBA</Issr></Prtry></BkTxCd><NtryDtls><TxDtls><Refs><AcctSvcrRef>F001100420237015872</AcctSvcrRef><EndToEndId>NOTPROVIDED</EndToEndId></Refs><BkTxCd><Prtry><Cd>10000403000</Cd><Issr>SBA</Issr></Prtry></BkTxCd><RltdPties><DbtrAcct><Id><IBAN>SK3509000000000484330558</IBAN></Id><Nm>Oravcova  Zuzana</Nm></DbtrAcct><CdtrAcct><Id><IBAN>SK8809000000005149764503</IBAN></Id><Nm>Papezske misijne diela</Nm></CdtrAcct></RltdPties><RltdAgts><DbtrAgt><FinInstnId><BIC>GIBASKBX</BIC></FinInstnId></DbtrAgt><CdtrAgt><FinInstnId><BIC>GIBASKBX</BIC></FinInstnId></CdtrAgt></RltdAgts><RmtInf><Ustrd>555 Emilia Dankaninova</Ustrd></RmtInf></TxDtls></NtryDtls></Ntry>
<Ntry><NtryRef>FSY0017024494</NtryRef><Amt Ccy="EUR">30</Amt><CdtDbtInd>CRDT</CdtDbtInd><RvslInd>false</RvslInd><Sts>BOOK</Sts><BookgDt><Dt>2023-04-10</Dt></BookgDt><ValDt><Dt>2023-04-10</Dt></ValDt><BkTxCd><Prtry><Cd>10000403000</Cd><Issr>SBA</Issr></Prtry></BkTxCd><NtryDtls><TxDtls><Refs><AcctSvcrRef>F001100420237024495</AcctSvcrRef><EndToEndId>NOTPROVIDED</EndToEndId></Refs><BkTxCd><Prtry><Cd>10000403000</Cd><Issr>SBA</Issr></Prtry></BkTxCd><RltdPties><DbtrAcct><Id><IBAN>SK0909000000000401841935</IBAN></Id><Nm>Priskinova Miroslava</Nm></DbtrAcct><CdtrAcct><Id><IBAN>SK8809000000005149764503</IBAN></Id><Nm>Papezske misijne diela</Nm></CdtrAcct></RltdPties><RltdAgts><DbtrAgt><FinInstnId><BIC>GIBASKBX</BIC></FinInstnId></DbtrAgt><CdtrAgt><FinInstnId><BIC>GIBASKBX</BIC></FinInstnId></CdtrAgt></RltdAgts><RmtInf><Ustrd>Cecilia Kotruchova- milodar</Ustrd></RmtInf></TxDtls></NtryDtls></Ntry>
<Ntry><NtryRef>FSY0017025319</NtryRef><Amt Ccy="EUR">40</Amt><CdtDbtInd>CRDT</CdtDbtInd><RvslInd>false</RvslInd><Sts>BOOK</Sts><BookgDt><Dt>2023-04-10</Dt></BookgDt><ValDt><Dt>2023-04-10</Dt></ValDt><BkTxCd><Prtry><Cd>10000403000</Cd><Issr>SBA</Issr></Prtry></BkTxCd><NtryDtls><TxDtls><Refs><AcctSvcrRef>F001100420237025320</AcctSvcrRef><EndToEndId>/VS77794344/SS/KS</EndToEndId></Refs><BkTxCd><Prtry><Cd>10000403000</Cd><Issr>SBA</Issr></Prtry></BkTxCd><RltdPties><DbtrAcct><Id><IBAN>SK6109000000000089183906</IBAN></Id><Nm>MATASOVSKA VIERA</Nm></DbtrAcct><CdtrAcct><Id><IBAN>SK8809000000005149764503</IBAN></Id><Nm>Papezske misijne diela</Nm></CdtrAcct></RltdPties><RltdAgts><DbtrAgt><FinInstnId><BIC>GIBASKBX</BIC></FinInstnId></DbtrAgt><CdtrAgt><FinInstnId><BIC>GIBASKBX</BIC></FinInstnId></CdtrAgt></RltdAgts><RmtInf><Ustrd>viera.matasovska29@gmail.com</Ustrd></RmtInf></TxDtls></NtryDtls></Ntry>
<Ntry><NtryRef>OO23041000007399</NtryRef><Amt Ccy="EUR">30</Amt><CdtDbtInd>CRDT</CdtDbtInd><RvslInd>false</RvslInd><Sts>BOOK</Sts><BookgDt><Dt>2023-04-10</Dt></BookgDt><ValDt><Dt>2023-04-10</Dt></ValDt><BkTxCd><Prtry><Cd>10000405000</Cd><Issr>SBA</Issr></Prtry></BkTxCd><NtryDtls><TxDtls><Refs><AcctSvcrRef>F001100420237028303</AcctSvcrRef><EndToEndId>/VS555/SS/KS</EndToEndId></Refs><BkTxCd><Prtry><Cd>10000405000</Cd><Issr>SBA</Issr></Prtry></BkTxCd><RltdPties><DbtrAcct><Id><IBAN>SK3311000000002616540960</IBAN></Id><Nm>Findorova Eva, Ing.</Nm></DbtrAcct><CdtrAcct><Id><IBAN>SK8809000000005149764503</IBAN></Id><Nm>Papezske misijne diela</Nm></CdtrAcct></RltdPties><RltdAgts><DbtrAgt><FinInstnId><BIC>TATRSKBX</BIC></FinInstnId></DbtrAgt><CdtrAgt><FinInstnId><BIC>GIBASKBX</BIC></FinInstnId></CdtrAgt></RltdAgts><RmtInf><Ustrd>findorovae@gmail.com</Ustrd></RmtInf></TxDtls></NtryDtls></Ntry>
<Ntry><NtryRef>2310050000012666</NtryRef><Amt Ccy="EUR">30</Amt><CdtDbtInd>CRDT</CdtDbtInd><RvslInd>false</RvslInd><Sts>BOOK</Sts><BookgDt><Dt>2023-04-10</Dt></BookgDt><ValDt><Dt>2023-04-10</Dt></ValDt><BkTxCd><Prtry><Cd>10000405000</Cd><Issr>SBA</Issr></Prtry></BkTxCd><NtryDtls><TxDtls><Refs><AcctSvcrRef>F001100420237034384</AcctSvcrRef><EndToEndId>/VS555/SS/KS</EndToEndId></Refs><BkTxCd><Prtry><Cd>10000405000</Cd><Issr>SBA</Issr></Prtry></BkTxCd><RltdPties><DbtrAcct><Id><IBAN>SK0302000000004482797857</IBAN></Id><Nm>Bruno Musil</Nm></DbtrAcct><CdtrAcct><Id><IBAN>SK8809000000005149764503</IBAN></Id><Nm>Papezske misijne diela</Nm></CdtrAcct></RltdPties><RltdAgts><DbtrAgt><FinInstnId><BIC>SUBASKBX</BIC></FinInstnId></DbtrAgt><CdtrAgt><FinInstnId><BIC>GIBASKBX</BIC></FinInstnId></CdtrAgt></RltdAgts><RmtInf><Ustrd>555</Ustrd></RmtInf></TxDtls></NtryDtls></Ntry>
<Ntry><NtryRef>FSY0017034794</NtryRef><Amt Ccy="EUR">150</Amt><CdtDbtInd>CRDT</CdtDbtInd><RvslInd>false</RvslInd><Sts>BOOK</Sts><BookgDt><Dt>2023-04-10</Dt></BookgDt><ValDt><Dt>2023-04-10</Dt></ValDt><BkTxCd><Prtry><Cd>10000403000</Cd><Issr>SBA</Issr></Prtry></BkTxCd><NtryDtls><TxDtls><Refs><AcctSvcrRef>F001100420237034795</AcctSvcrRef><EndToEndId>/VS77794345/SS/KS</EndToEndId></Refs><BkTxCd><Prtry><Cd>10000403000</Cd><Issr>SBA</Issr></Prtry></BkTxCd><RltdPties><DbtrAcct><Id><IBAN>SK3909000000000085071405</IBAN></Id><Nm>Lihosith Peter,Lihosithova Anna</Nm></DbtrAcct><CdtrAcct><Id><IBAN>SK8809000000005149764503</IBAN></Id><Nm>Papezske misijne diela</Nm></CdtrAcct></RltdPties><RltdAgts><DbtrAgt><FinInstnId><BIC>GIBASKBX</BIC></FinInstnId></DbtrAgt><CdtrAgt><FinInstnId><BIC>GIBASKBX</BIC></FinInstnId></CdtrAgt></RltdAgts><RmtInf><Ustrd>Bezhotovostny vklad</Ustrd></RmtInf></TxDtls></NtryDtls></Ntry>
<Ntry><NtryRef>FSY0017035614</NtryRef><Amt Ccy="EUR">20</Amt><CdtDbtInd>CRDT</CdtDbtInd><RvslInd>false</RvslInd><Sts>BOOK</Sts><BookgDt><Dt>2023-04-10</Dt></BookgDt><ValDt><Dt>2023-04-10</Dt></ValDt><BkTxCd><Prtry><Cd>10000403000</Cd><Issr>SBA</Issr></Prtry></BkTxCd><NtryDtls><TxDtls><Refs><AcctSvcrRef>F001100420237035615</AcctSvcrRef><EndToEndId>NOTPROVIDED</EndToEndId></Refs><BkTxCd><Prtry><Cd>10000403000</Cd><Issr>SBA</Issr></Prtry></BkTxCd><RltdPties><DbtrAcct><Id><IBAN>SK6109000000005031423922</IBAN></Id><Nm>Horvathova Anna</Nm></DbtrAcct><CdtrAcct><Id><IBAN>SK8809000000005149764503</IBAN></Id><Nm>Papezske misijne diela</Nm></CdtrAcct></RltdPties><RltdAgts><DbtrAgt><FinInstnId><BIC>GIBASKBX</BIC></FinInstnId></DbtrAgt><CdtrAgt><FinInstnId><BIC>GIBASKBX</BIC></FinInstnId></CdtrAgt></RltdAgts><RmtInf><Ustrd>Omsa za Stefana a Annu, Jozefa Jozefa a Vlastu. Podla mlznosti v maji 8.5, 23.(.5 a 27.5. Dakujem</Ustrd></RmtInf></TxDtls></NtryDtls></Ntry>
<Ntry><NtryRef>FSY0017040078</NtryRef><Amt Ccy="EUR">45</Amt><CdtDbtInd>CRDT</CdtDbtInd><RvslInd>false</RvslInd><Sts>BOOK</Sts><BookgDt><Dt>2023-04-10</Dt></BookgDt><ValDt><Dt>2023-04-10</Dt></ValDt><BkTxCd><Prtry><Cd>10000403000</Cd><Issr>SBA</Issr></Prtry></BkTxCd><NtryDtls><TxDtls><Refs><AcctSvcrRef>F001100420237040079</AcctSvcrRef><EndToEndId>/VS77794333/SS/KS</EndToEndId></Refs><BkTxCd><Prtry><Cd>10000403000</Cd><Issr>SBA</Issr></Prtry></BkTxCd><RltdPties><DbtrAcct><Id><IBAN>SK8909000000000331182494</IBAN></Id><Nm>Suran Jan</Nm></DbtrAcct><CdtrAcct><Id><IBAN>SK8809000000005149764503</IBAN></Id><Nm>Papezske misijne diela</Nm></CdtrAcct></RltdPties><RltdAgts><DbtrAgt><FinInstnId><BIC>GIBASKBX</BIC></FinInstnId></DbtrAgt><CdtrAgt><FinInstnId><BIC>GIBASKBX</BIC></FinInstnId></CdtrAgt></RltdAgts><RmtInf><Ustrd>77794333 novena za uzdravenie a Boziu pomoc pre maminku.</Ustrd></RmtInf></TxDtls></NtryDtls></Ntry>
<Ntry><NtryRef>FSY0017044085</NtryRef><Amt Ccy="EUR">20</Amt><CdtDbtInd>CRDT</CdtDbtInd><RvslInd>false</RvslInd><Sts>BOOK</Sts><BookgDt><Dt>2023-04-10</Dt></BookgDt><ValDt><Dt>2023-04-10</Dt></ValDt><BkTxCd><Prtry><Cd>10000403000</Cd><Issr>SBA</Issr></Prtry></BkTxCd><NtryDtls><TxDtls><Refs><AcctSvcrRef>F001100420237044086</AcctSvcrRef><EndToEndId>NOTPROVIDED</EndToEndId></Refs><BkTxCd><Prtry><Cd>10000403000</Cd><Issr>SBA</Issr></Prtry></BkTxCd><RltdPties><DbtrAcct><Id><IBAN>SK8309000000000045332332</IBAN></Id><Nm>Krc Robert</Nm></DbtrAcct><CdtrAcct><Id><IBAN>SK8809000000005149764503</IBAN></Id><Nm>Papezske misijne diela</Nm></CdtrAcct></RltdPties><RltdAgts><DbtrAgt><FinInstnId><BIC>GIBASKBX</BIC></FinInstnId></DbtrAgt><CdtrAgt><FinInstnId><BIC>GIBASKBX</BIC></FinInstnId></CdtrAgt></RltdAgts><RmtInf><Ustrd>Vas mail alebo adresa 222:</Ustrd></RmtInf></TxDtls></NtryDtls></Ntry>
<Ntry><NtryRef>FSY0017051675</NtryRef><Amt Ccy="EUR">8</Amt><CdtDbtInd>CRDT</CdtDbtInd><RvslInd>false</RvslInd><Sts>BOOK</Sts><BookgDt><Dt>2023-04-10</Dt></BookgDt><ValDt><Dt>2023-04-10</Dt></ValDt><BkTxCd><Prtry><Cd>10000403000</Cd><Issr>SBA</Issr></Prtry></BkTxCd><NtryDtls><TxDtls><Refs><AcctSvcrRef>F001100420237051676</AcctSvcrRef><EndToEndId>/VS77794352/SS/KS</EndToEndId></Refs><BkTxCd><Prtry><Cd>10000403000</Cd><Issr>SBA</Issr></Prtry></BkTxCd><RltdPties><DbtrAcct><Id><IBAN>SK4009000000000041606172</IBAN></Id><Nm>KLIMOVA TATIANA</Nm></DbtrAcct><CdtrAcct><Id><IBAN>SK8809000000005149764503</IBAN></Id><Nm>Papezske misijne diela</Nm></CdtrAcct></RltdPties><RltdAgts><DbtrAgt><FinInstnId><BIC>GIBASKBX</BIC></FinInstnId></DbtrAgt><CdtrAgt><FinInstnId><BIC>GIBASKBX</BIC></FinInstnId></CdtrAgt></RltdAgts><RmtInf><Ustrd>Bezhotovostny vklad</Ustrd></RmtInf></TxDtls></NtryDtls></Ntry>
<Ntry><NtryRef>FSY0017054298</NtryRef><Amt Ccy="EUR">10</Amt><CdtDbtInd>CRDT</CdtDbtInd><RvslInd>false</RvslInd><Sts>BOOK</Sts><BookgDt><Dt>2023-04-10</Dt></BookgDt><ValDt><Dt>2023-04-10</Dt></ValDt><BkTxCd><Prtry><Cd>10000403000</Cd><Issr>SBA</Issr></Prtry></BkTxCd><NtryDtls><TxDtls><Refs><AcctSvcrRef>F001100420237054299</AcctSvcrRef><EndToEndId>/VS555/SS/KS</EndToEndId></Refs><BkTxCd><Prtry><Cd>10000403000</Cd><Issr>SBA</Issr></Prtry></BkTxCd><RltdPties><DbtrAcct><Id><IBAN>SK8609000000000503822954</IBAN></Id><Nm>Mamrak Martin</Nm></DbtrAcct><CdtrAcct><Id><IBAN>SK8809000000005149764503</IBAN></Id><Nm>Papezske misijne diela</Nm></CdtrAcct></RltdPties><RltdAgts><DbtrAgt><FinInstnId><BIC>GIBASKBX</BIC></FinInstnId></DbtrAgt><CdtrAgt><FinInstnId><BIC>GIBASKBX</BIC></FinInstnId></CdtrAgt></RltdAgts><RmtInf><Ustrd>martin.mamrak@centrum.sk</Ustrd></RmtInf></TxDtls></NtryDtls></Ntry>
<Ntry><NtryRef>OO23041000009825</NtryRef><Amt Ccy="EUR">50</Amt><CdtDbtInd>CRDT</CdtDbtInd><RvslInd>false</RvslInd><Sts>BOOK</Sts><BookgDt><Dt>2023-04-10</Dt></BookgDt><ValDt><Dt>2023-04-10</Dt></ValDt><BkTxCd><Prtry><Cd>10000405000</Cd><Issr>SBA</Issr></Prtry></BkTxCd><NtryDtls><TxDtls><Refs><AcctSvcrRef>F001100420237057165</AcctSvcrRef><EndToEndId>/VS555/SS/KS</EndToEndId></Refs><BkTxCd><Prtry><Cd>10000405000</Cd><Issr>SBA</Issr></Prtry></BkTxCd><RltdPties><DbtrAcct><Id><IBAN>SK5011000000002612108142</IBAN></Id><Nm>Krajnak Peter, Ing.</Nm></DbtrAcct><CdtrAcct><Id><IBAN>SK8809000000005149764503</IBAN></Id><Nm>Papezske misijne diela</Nm></CdtrAcct></RltdPties><RltdAgts><DbtrAgt><FinInstnId><BIC>TATRSKBX</BIC></FinInstnId></DbtrAgt><CdtrAgt><FinInstnId><BIC>GIBASKBX</BIC></FinInstnId></CdtrAgt></RltdAgts><RmtInf><Ustrd>Vystavna 11/7, 949 01 Nitra</Ustrd></RmtInf></TxDtls></NtryDtls></Ntry>
<Ntry><NtryRef>FSY0017061683</NtryRef><Amt Ccy="EUR">47</Amt><CdtDbtInd>CRDT</CdtDbtInd><RvslInd>false</RvslInd><Sts>BOOK</Sts><BookgDt><Dt>2023-04-10</Dt></BookgDt><ValDt><Dt>2023-04-10</Dt></ValDt><BkTxCd><Prtry><Cd>10000403000</Cd><Issr>SBA</Issr></Prtry></BkTxCd><NtryDtls><TxDtls><Refs><AcctSvcrRef>F001100420237061684</AcctSvcrRef><EndToEndId>/VS77794354/SS/KS</EndToEndId></Refs><BkTxCd><Prtry><Cd>10000403000</Cd><Issr>SBA</Issr></Prtry></BkTxCd><RltdPties><DbtrAcct><Id><IBAN>SK1009000000000522943022</IBAN></Id><Nm>Skovira Dominik</Nm></DbtrAcct><CdtrAcct><Id><IBAN>SK8809000000005149764503</IBAN></Id><Nm>Papezske misijne diela</Nm></CdtrAcct></RltdPties><RltdAgts><DbtrAgt><FinInstnId><BIC>GIBASKBX</BIC></FinInstnId></DbtrAgt><CdtrAgt><FinInstnId><BIC>GIBASKBX</BIC></FinInstnId></CdtrAgt></RltdAgts><RmtInf><Ustrd>dominicocok@gmail.com</Ustrd></RmtInf></TxDtls></NtryDtls></Ntry>
<Ntry><NtryRef>2310050000017311</NtryRef><Amt Ccy="EUR">20</Amt><CdtDbtInd>CRDT</CdtDbtInd><RvslInd>false</RvslInd><Sts>BOOK</Sts><BookgDt><Dt>2023-04-10</Dt></BookgDt><ValDt><Dt>2023-04-10</Dt></ValDt><BkTxCd><Prtry><Cd>10000405000</Cd><Issr>SBA</Issr></Prtry></BkTxCd><NtryDtls><TxDtls><Refs><AcctSvcrRef>F001100420237066228</AcctSvcrRef><EndToEndId>NOTPROVIDED</EndToEndId></Refs><BkTxCd><Prtry><Cd>10000405000</Cd><Issr>SBA</Issr></Prtry></BkTxCd><RltdPties><DbtrAcct><Id><IBAN>SK1802000000002495643559</IBAN></Id><Nm>Livia Poljakova</Nm></DbtrAcct><CdtrAcct><Id><IBAN>SK8809000000005149764503</IBAN></Id><Nm>Papezske misijne diela</Nm></CdtrAcct></RltdPties><RltdAgts><DbtrAgt><FinInstnId><BIC>SUBASKBX</BIC></FinInstnId></DbtrAgt><CdtrAgt><FinInstnId><BIC>GIBASKBX</BIC></FinInstnId></CdtrAgt></RltdAgts><RmtInf><Ustrd>555</Ustrd></RmtInf></TxDtls></NtryDtls></Ntry>
<Ntry><NtryRef>FSY0017068189</NtryRef><Amt Ccy="EUR">10</Amt><CdtDbtInd>CRDT</CdtDbtInd><RvslInd>false</RvslInd><Sts>BOOK</Sts><BookgDt><Dt>2023-04-10</Dt></BookgDt><ValDt><Dt>2023-04-10</Dt></ValDt><BkTxCd><Prtry><Cd>10000403000</Cd><Issr>SBA</Issr></Prtry></BkTxCd><NtryDtls><TxDtls><Refs><AcctSvcrRef>F001100420237068190</AcctSvcrRef><EndToEndId>/VS555/SS/KS</EndToEndId></Refs><BkTxCd><Prtry><Cd>10000403000</Cd><Issr>SBA</Issr></Prtry></BkTxCd><RltdPties><DbtrAcct><Id><IBAN>SK8809000000005195250810</IBAN></Id><Nm>Michaela Havacova</Nm></DbtrAcct><CdtrAcct><Id><IBAN>SK8809000000005149764503</IBAN></Id><Nm>Papezske misijne diela</Nm></CdtrAcct></RltdPties><RltdAgts><DbtrAgt><FinInstnId><BIC>GIBASKBX</BIC></FinInstnId></DbtrAgt><CdtrAgt><FinInstnId><BIC>GIBASKBX</BIC></FinInstnId></CdtrAgt></RltdAgts><RmtInf><Ustrd>Bezhotovostny vklad</Ustrd></RmtInf></TxDtls></NtryDtls></Ntry>
<Ntry><NtryRef>OO23041000012082</NtryRef><Amt Ccy="EUR">15</Amt><CdtDbtInd>CRDT</CdtDbtInd><RvslInd>false</RvslInd><Sts>BOOK</Sts><BookgDt><Dt>2023-04-10</Dt></BookgDt><ValDt><Dt>2023-04-10</Dt></ValDt><BkTxCd><Prtry><Cd>10000405000</Cd><Issr>SBA</Issr></Prtry></BkTxCd><NtryDtls><TxDtls><Refs><AcctSvcrRef>F001100420237083179</AcctSvcrRef><EndToEndId>/VS555/SS/KS</EndToEndId></Refs><BkTxCd><Prtry><Cd>10000405000</Cd><Issr>SBA</Issr></Prtry></BkTxCd><RltdPties><DbtrAcct><Id><IBAN>SK5911000000002613925857</IBAN></Id><Nm>Brachova Helena</Nm></DbtrAcct><CdtrAcct><Id><IBAN>SK8809000000005149764503</IBAN></Id><Nm>Papezske misijne diela</Nm></CdtrAcct></RltdPties><RltdAgts><DbtrAgt><FinInstnId><BIC>TATRSKBX</BIC></FinInstnId></DbtrAgt><CdtrAgt><FinInstnId><BIC>GIBASKBX</BIC></FinInstnId></CdtrAgt></RltdAgts><RmtInf><Ustrd>555. helena.brachova@gmail.com</Ustrd></RmtInf></TxDtls></NtryDtls></Ntry>
<Ntry><NtryRef>FSY0017084097</NtryRef><Amt Ccy="EUR">20</Amt><CdtDbtInd>CRDT</CdtDbtInd><RvslInd>false</RvslInd><Sts>BOOK</Sts><BookgDt><Dt>2023-04-10</Dt></BookgDt><ValDt><Dt>2023-04-10</Dt></ValDt><BkTxCd><Prtry><Cd>10000403000</Cd><Issr>SBA</Issr></Prtry></BkTxCd><NtryDtls><TxDtls><Refs><AcctSvcrRef>F001100420237084098</AcctSvcrRef><EndToEndId>/VS555/SS/KS</EndToEndId></Refs><BkTxCd><Prtry><Cd>10000403000</Cd><Issr>SBA</Issr></Prtry></BkTxCd><RltdPties><DbtrAcct><Id><IBAN>SK9109000000000371035296</IBAN></Id><Nm>Gabasova Jaroslava</Nm></DbtrAcct><CdtrAcct><Id><IBAN>SK8809000000005149764503</IBAN></Id><Nm>Papezske misijne diela</Nm></CdtrAcct></RltdPties><RltdAgts><DbtrAgt><FinInstnId><BIC>GIBASKBX</BIC></FinInstnId></DbtrAgt><CdtrAgt><FinInstnId><BIC>GIBASKBX</BIC></FinInstnId></CdtrAgt></RltdAgts><RmtInf><Ustrd>j.gabasova@gmail.com</Ustrd></RmtInf></TxDtls></NtryDtls></Ntry>
<Ntry><NtryRef>FSY0017085867</NtryRef><Amt Ccy="EUR">6</Amt><CdtDbtInd>CRDT</CdtDbtInd><RvslInd>false</RvslInd><Sts>BOOK</Sts><BookgDt><Dt>2023-04-10</Dt></BookgDt><ValDt><Dt>2023-04-10</Dt></ValDt><BkTxCd><Prtry><Cd>10000403000</Cd><Issr>SBA</Issr></Prtry></BkTxCd><NtryDtls><TxDtls><Refs><AcctSvcrRef>F001100420237085868</AcctSvcrRef><EndToEndId>/VS88894337/SS/KS</EndToEndId></Refs><BkTxCd><Prtry><Cd>10000403000</Cd><Issr>SBA</Issr></Prtry></BkTxCd><RltdPties><DbtrAcct><Id><IBAN>SK6509000000000445035900</IBAN></Id><Nm>Jokel Radoslav</Nm></DbtrAcct><CdtrAcct><Id><IBAN>SK8809000000005149764503</IBAN></Id><Nm>Papezske misijne diela</Nm></CdtrAcct></RltdPties><RltdAgts><DbtrAgt><FinInstnId><BIC>GIBASKBX</BIC></FinInstnId></DbtrAgt><CdtrAgt><FinInstnId><BIC>GIBASKBX</BIC></FinInstnId></CdtrAgt></RltdAgts><RmtInf><Ustrd>Celestina Jokelova Cintorinska 8A Nizny Klatov</Ustrd></RmtInf></TxDtls></NtryDtls></Ntry>
<Ntry><NtryRef>FSY0017086319</NtryRef><Amt Ccy="EUR">20</Amt><CdtDbtInd>CRDT</CdtDbtInd><RvslInd>false</RvslInd><Sts>BOOK</Sts><BookgDt><Dt>2023-04-10</Dt></BookgDt><ValDt><Dt>2023-04-10</Dt></ValDt><BkTxCd><Prtry><Cd>10000403000</Cd><Issr>SBA</Issr></Prtry></BkTxCd><NtryDtls><TxDtls><Refs><AcctSvcrRef>F001100420237086320</AcctSvcrRef><EndToEndId>/VS555/SS/KS</EndToEndId></Refs><BkTxCd><Prtry><Cd>10000403000</Cd><Issr>SBA</Issr></Prtry></BkTxCd><RltdPties><DbtrAcct><Id><IBAN>SK0509000000000041367212</IBAN></Id><Nm>Kebiskova Katarina</Nm></DbtrAcct><CdtrAcct><Id><IBAN>SK8809000000005149764503</IBAN></Id><Nm>Papezske misijne diela</Nm></CdtrAcct></RltdPties><RltdAgts><DbtrAgt><FinInstnId><BIC>GIBASKBX</BIC></FinInstnId></DbtrAgt><CdtrAgt><FinInstnId><BIC>GIBASKBX</BIC></FinInstnId></CdtrAgt></RltdAgts><RmtInf><Ustrd>katkakebiska@gmail.com</Ustrd></RmtInf></TxDtls></NtryDtls></Ntry>
<Ntry><NtryRef>FSY0017088392</NtryRef><Amt Ccy="EUR">6</Amt><CdtDbtInd>CRDT</CdtDbtInd><RvslInd>false</RvslInd><Sts>BOOK</Sts><BookgDt><Dt>2023-04-10</Dt></BookgDt><ValDt><Dt>2023-04-10</Dt></ValDt><BkTxCd><Prtry><Cd>10000403000</Cd><Issr>SBA</Issr></Prtry></BkTxCd><NtryDtls><TxDtls><Refs><AcctSvcrRef>F001100420237088393</AcctSvcrRef><EndToEndId>/VS77794356/SS/KS</EndToEndId></Refs><BkTxCd><Prtry><Cd>10000403000</Cd><Issr>SBA</Issr></Prtry></BkTxCd><RltdPties><DbtrAcct><Id><IBAN>SK5809000000005107254599</IBAN></Id><Nm>Kratka Eleonora</Nm></DbtrAcct><CdtrAcct><Id><IBAN>SK8809000000005149764503</IBAN></Id><Nm>Papezske misijne diela</Nm></CdtrAcct></RltdPties><RltdAgts><DbtrAgt><FinInstnId><BIC>GIBASKBX</BIC></FinInstnId></DbtrAgt><CdtrAgt><FinInstnId><BIC>GIBASKBX</BIC></FinInstnId></CdtrAgt></RltdAgts><RmtInf><Ustrd>Za pozehnanie pri kupe rodinneho domu pre rodinu Rastislava Kratkeho</Ustrd></RmtInf></TxDtls></NtryDtls></Ntry>
<Ntry><NtryRef>FSY0017093220</NtryRef><Amt Ccy="EUR">20</Amt><CdtDbtInd>CRDT</CdtDbtInd><RvslInd>false</RvslInd><Sts>BOOK</Sts><BookgDt><Dt>2023-04-10</Dt></BookgDt><ValDt><Dt>2023-04-10</Dt></ValDt><BkTxCd><Prtry><Cd>10000403000</Cd><Issr>SBA</Issr></Prtry></BkTxCd><NtryDtls><TxDtls><Refs><AcctSvcrRef>F001100420237093221</AcctSvcrRef><EndToEndId>NOTPROVIDED</EndToEndId></Refs><BkTxCd><Prtry><Cd>10000403000</Cd><Issr>SBA</Issr></Prtry></BkTxCd><RltdPties><DbtrAcct><Id><IBAN>SK1309000000005158252868</IBAN></Id><Nm>Simkova Vlasta</Nm></DbtrAcct><CdtrAcct><Id><IBAN>SK8809000000005149764503</IBAN></Id><Nm>Papezske misijne diela</Nm></CdtrAcct></RltdPties><RltdAgts><DbtrAgt><FinInstnId><BIC>GIBASKBX</BIC></FinInstnId></DbtrAgt><CdtrAgt><FinInstnId><BIC>GIBASKBX</BIC></FinInstnId></CdtrAgt></RltdAgts><RmtInf><Ustrd>Simkova - obeta za odsluzenu sv. omsu</Ustrd></RmtInf></TxDtls></NtryDtls></Ntry>
<Ntry><NtryRef>FSY0017098496</NtryRef><Amt Ccy="EUR">20</Amt><CdtDbtInd>CRDT</CdtDbtInd><RvslInd>false</RvslInd><Sts>BOOK</Sts><BookgDt><Dt>2023-04-10</Dt></BookgDt><ValDt><Dt>2023-04-10</Dt></ValDt><BkTxCd><Prtry><Cd>10000403000</Cd><Issr>SBA</Issr></Prtry></BkTxCd><NtryDtls><TxDtls><Refs><AcctSvcrRef>F001100420237098497</AcctSvcrRef><EndToEndId>NOTPROVIDED</EndToEndId></Refs><BkTxCd><Prtry><Cd>10000403000</Cd><Issr>SBA</Issr></Prtry></BkTxCd><RltdPties><DbtrAcct><Id><IBAN>SK3209000000000361164668</IBAN></Id><Nm>Barosova Anna</Nm></DbtrAcct><CdtrAcct><Id><IBAN>SK8809000000005149764503</IBAN></Id><Nm>Papezske misijne diela</Nm></CdtrAcct></RltdPties><RltdAgts><DbtrAgt><FinInstnId><BIC>GIBASKBX</BIC></FinInstnId></DbtrAgt><CdtrAgt><FinInstnId><BIC>GIBASKBX</BIC></FinInstnId></CdtrAgt></RltdAgts><RmtInf><Ustrd>Vas mail alebo adresa 555:</Ustrd></RmtInf></TxDtls></NtryDtls></Ntry>
<Ntry><NtryRef>FSY0017101634</NtryRef><Amt Ccy="EUR">25</Amt><CdtDbtInd>CRDT</CdtDbtInd><RvslInd>false</RvslInd><Sts>BOOK</Sts><BookgDt><Dt>2023-04-10</Dt></BookgDt><ValDt><Dt>2023-04-10</Dt></ValDt><BkTxCd><Prtry><Cd>10000403000</Cd><Issr>SBA</Issr></Prtry></BkTxCd><NtryDtls><TxDtls><Refs><AcctSvcrRef>F001100420237101635</AcctSvcrRef><EndToEndId>/VS555/SS/KS</EndToEndId></Refs><BkTxCd><Prtry><Cd>10000403000</Cd><Issr>SBA</Issr></Prtry></BkTxCd><RltdPties><DbtrAcct><Id><IBAN>SK2409000000000053982108</IBAN></Id><Nm>Novotna Veronika Ing.</Nm></DbtrAcct><CdtrAcct><Id><IBAN>SK8809000000005149764503</IBAN></Id><Nm>Papezske misijne diela</Nm></CdtrAcct></RltdPties><RltdAgts><DbtrAgt><FinInstnId><BIC>GIBASKBX</BIC></FinInstnId></DbtrAgt><CdtrAgt><FinInstnId><BIC>GIBASKBX</BIC></FinInstnId></CdtrAgt></RltdAgts><RmtInf><Ustrd>vnovotnadk@gmail.com</Ustrd></RmtInf></TxDtls></NtryDtls></Ntry>
<Ntry><NtryRef>FSY0017103470</NtryRef><Amt Ccy="EUR">50</Amt><CdtDbtInd>CRDT</CdtDbtInd><RvslInd>false</RvslInd><Sts>BOOK</Sts><BookgDt><Dt>2023-04-10</Dt></BookgDt><ValDt><Dt>2023-04-10</Dt></ValDt><BkTxCd><Prtry><Cd>10000403000</Cd><Issr>SBA</Issr></Prtry></BkTxCd><NtryDtls><TxDtls><Refs><AcctSvcrRef>F001100420237103471</AcctSvcrRef><EndToEndId>/VS555/SS/KS0558</EndToEndId></Refs><BkTxCd><Prtry><Cd>10000403000</Cd><Issr>SBA</Issr></Prtry></BkTxCd><RltdPties><DbtrAcct><Id><IBAN>SK2409000000000053995785</IBAN></Id><Nm>Gres Alojz MUDr.</Nm></DbtrAcct><CdtrAcct><Id><IBAN>SK8809000000005149764503</IBAN></Id><Nm>Papezske misijne diela</Nm></CdtrAcct></RltdPties><RltdAgts><DbtrAgt><FinInstnId><BIC>GIBASKBX</BIC></FinInstnId></DbtrAgt><CdtrAgt><FinInstnId><BIC>GIBASKBX</BIC></FinInstnId></CdtrAgt></RltdAgts><RmtInf><Ustrd>gresovci@gmail.com</Ustrd></RmtInf></TxDtls></NtryDtls></Ntry>
<Ntry><NtryRef>FSY0017104108</NtryRef><Amt Ccy="EUR">36</Amt><CdtDbtInd>CRDT</CdtDbtInd><RvslInd>false</RvslInd><Sts>BOOK</Sts><BookgDt><Dt>2023-04-10</Dt></BookgDt><ValDt><Dt>2023-04-10</Dt></ValDt><BkTxCd><Prtry><Cd>10000403000</Cd><Issr>SBA</Issr></Prtry></BkTxCd><NtryDtls><TxDtls><Refs><AcctSvcrRef>F001100420237104109</AcctSvcrRef><EndToEndId>NOTPROVIDED</EndToEndId></Refs><BkTxCd><Prtry><Cd>10000403000</Cd><Issr>SBA</Issr></Prtry></BkTxCd><RltdPties><DbtrAcct><Id><IBAN>SK8109000000000170478664</IBAN></Id><Nm>Mucka Marek</Nm></DbtrAcct><CdtrAcct><Id><IBAN>SK8809000000005149764503</IBAN></Id><Nm>Papezske misijne diela</Nm></CdtrAcct></RltdPties><RltdAgts><DbtrAgt><FinInstnId><BIC>GIBASKBX</BIC></FinInstnId></DbtrAgt><CdtrAgt><FinInstnId><BIC>GIBASKBX</BIC></FinInstnId></CdtrAgt></RltdAgts><RmtInf><Ustrd>zdenislava@centrum.sk</Ustrd></RmtInf></TxDtls></NtryDtls></Ntry>
<Ntry><NtryRef>B1503953158-4</NtryRef><Amt Ccy="EUR">30</Amt><CdtDbtInd>DBIT</CdtDbtInd><RvslInd>false</RvslInd><Sts>BOOK</Sts><BookgDt><Dt>2023-04-10</Dt></BookgDt><ValDt><Dt>2023-04-10</Dt></ValDt><BkTxCd><Prtry><Cd>30000201000</Cd><Issr>SBA</Issr></Prtry></BkTxCd><NtryDtls><TxDtls><Refs><AcctSvcrRef>9846820690</AcctSvcrRef><EndToEndId>/VS/SS/KS0608</EndToEndId><ChqNb>454417******9985</ChqNb><ClrSysRef>B1503953158-4</ClrSysRef></Refs><BkTxCd><Prtry><Cd>30000201000</Cd><Issr>SBA</Issr></Prtry></BkTxCd><RltdPties><DbtrAcct><Id><IBAN>SK8809000000005149764503</IBAN></Id></DbtrAcct><Cdtr><Nm>FACEBK ADS-fb.me/ads</Nm></Cdtr></RltdPties><RltdAgts><DbtrAgt><FinInstnId><BIC>GIBASKBX</BIC></FinInstnId></DbtrAgt></RltdAgts><RmtInf><Ustrd>Platba kartou</Ustrd></RmtInf></TxDtls></NtryDtls></Ntry>
<Ntry><NtryRef>B1503953229-4</NtryRef><Amt Ccy="EUR">10.19</Amt><CdtDbtInd>DBIT</CdtDbtInd><RvslInd>false</RvslInd><Sts>BOOK</Sts><BookgDt><Dt>2023-04-10</Dt></BookgDt><ValDt><Dt>2023-04-10</Dt></ValDt><BkTxCd><Prtry><Cd>30000201000</Cd><Issr>SBA</Issr></Prtry></BkTxCd><NtryDtls><TxDtls><Refs><AcctSvcrRef>9846820699</AcctSvcrRef><EndToEndId>/VS/SS/KS0608</EndToEndId><ChqNb>454417******9985</ChqNb><ClrSysRef>B1503953229-4</ClrSysRef></Refs><BkTxCd><Prtry><Cd>30000201000</Cd><Issr>SBA</Issr></Prtry></BkTxCd><RltdPties><DbtrAcct><Id><IBAN>SK8809000000005149764503</IBAN></Id></DbtrAcct><Cdtr><Nm>FACEBK VY6U3RTBC2-fb.me/ads</Nm></Cdtr></RltdPties><RltdAgts><DbtrAgt><FinInstnId><BIC>GIBASKBX</BIC></FinInstnId></DbtrAgt></RltdAgts><RmtInf><Ustrd>Platba kartou</Ustrd></RmtInf></TxDtls></NtryDtls></Ntry>
<Ntry><NtryRef>FSY0017105134</NtryRef><Amt Ccy="EUR">5</Amt><CdtDbtInd>CRDT</CdtDbtInd><RvslInd>false</RvslInd><Sts>BOOK</Sts><BookgDt><Dt>2023-04-10</Dt></BookgDt><ValDt><Dt>2023-04-10</Dt></ValDt><BkTxCd><Prtry><Cd>10000403000</Cd><Issr>SBA</Issr></Prtry></BkTxCd><NtryDtls><TxDtls><Refs><AcctSvcrRef>F001100420237105135</AcctSvcrRef><EndToEndId>/VS555/SS/KS</EndToEndId></Refs><BkTxCd><Prtry><Cd>10000403000</Cd><Issr>SBA</Issr></Prtry></BkTxCd><RltdPties><DbtrAcct><Id><IBAN>SK7909000000000096222096</IBAN></Id><Nm>Markusova Iveta</Nm></DbtrAcct><CdtrAcct><Id><IBAN>SK8809000000005149764503</IBAN></Id><Nm>Papezske misijne diela</Nm></CdtrAcct></RltdPties><RltdAgts><DbtrAgt><FinInstnId><BIC>GIBASKBX</BIC></FinInstnId></DbtrAgt><CdtrAgt><FinInstnId><BIC>GIBASKBX</BIC></FinInstnId></CdtrAgt></RltdAgts><RmtInf><Ustrd>iveta.markusova@centrum.sk</Ustrd></RmtInf></TxDtls></NtryDtls></Ntry>
<Ntry><NtryRef>OO23041000014114</NtryRef><Amt Ccy="EUR">20</Amt><CdtDbtInd>CRDT</CdtDbtInd><RvslInd>false</RvslInd><Sts>BOOK</Sts><BookgDt><Dt>2023-04-10</Dt></BookgDt><ValDt><Dt>2023-04-10</Dt></ValDt><BkTxCd><Prtry><Cd>10000405000</Cd><Issr>SBA</Issr></Prtry></BkTxCd><NtryDtls><TxDtls><Refs><AcctSvcrRef>F001100420237106531</AcctSvcrRef><EndToEndId>/VS555/SS/KS</EndToEndId></Refs><BkTxCd><Prtry><Cd>10000405000</Cd><Issr>SBA</Issr></Prtry></BkTxCd><RltdPties><DbtrAcct><Id><IBAN>SK9511000000002614181677</IBAN></Id><Nm>Jajcayova Marcela</Nm></DbtrAcct><CdtrAcct><Id><IBAN>SK8809000000005149764503</IBAN></Id><Nm>Papezske misijne diela</Nm></CdtrAcct></RltdPties><RltdAgts><DbtrAgt><FinInstnId><BIC>TATRSKBX</BIC></FinInstnId></DbtrAgt><CdtrAgt><FinInstnId><BIC>GIBASKBX</BIC></FinInstnId></CdtrAgt></RltdAgts><RmtInf><Ustrd>Bezhotovostny vklad-okamzita platba</Ustrd></RmtInf></TxDtls></NtryDtls></Ntry>
<Ntry><NtryRef>FSY0017108670</NtryRef><Amt Ccy="EUR">100</Amt><CdtDbtInd>CRDT</CdtDbtInd><RvslInd>false</RvslInd><Sts>BOOK</Sts><BookgDt><Dt>2023-04-10</Dt></BookgDt><ValDt><Dt>2023-04-10</Dt></ValDt><BkTxCd><Prtry><Cd>10000403000</Cd><Issr>SBA</Issr></Prtry></BkTxCd><NtryDtls><TxDtls><Refs><AcctSvcrRef>F001100420237108671</AcctSvcrRef><EndToEndId>/VS77794358/SS/KS</EndToEndId></Refs><BkTxCd><Prtry><Cd>10000403000</Cd><Issr>SBA</Issr></Prtry></BkTxCd><RltdPties><DbtrAcct><Id><IBAN>SK6209000000005031277240</IBAN></Id><Nm>Kacvinska Cecilia</Nm></DbtrAcct><CdtrAcct><Id><IBAN>SK8809000000005149764503</IBAN></Id><Nm>Papezske misijne diela</Nm></CdtrAcct></RltdPties><RltdAgts><DbtrAgt><FinInstnId><BIC>GIBASKBX</BIC></FinInstnId></DbtrAgt><CdtrAgt><FinInstnId><BIC>GIBASKBX</BIC></FinInstnId></CdtrAgt></RltdAgts><RmtInf><Ustrd>Kacvinska Vydumanec Presov</Ustrd></RmtInf></TxDtls></NtryDtls></Ntry>
<Ntry><NtryRef>OO23041000014355</NtryRef><Amt Ccy="EUR">45</Amt><CdtDbtInd>CRDT</CdtDbtInd><RvslInd>false</RvslInd><Sts>BOOK</Sts><BookgDt><Dt>2023-04-10</Dt></BookgDt><ValDt><Dt>2023-04-10</Dt></ValDt><BkTxCd><Prtry><Cd>10000405000</Cd><Issr>SBA</Issr></Prtry></BkTxCd><NtryDtls><TxDtls><Refs><AcctSvcrRef>F001100420237108986</AcctSvcrRef><EndToEndId>/VS88894177/SS/KS</EndToEndId></Refs><BkTxCd><Prtry><Cd>10000405000</Cd><Issr>SBA</Issr></Prtry></BkTxCd><RltdPties><DbtrAcct><Id><IBAN>SK7811000000002912970404</IBAN></Id><Nm>Gajdosova Jana, Ing.</Nm></DbtrAcct><CdtrAcct><Id><IBAN>SK8809000000005149764503</IBAN></Id><Nm>Papezske misijne diela</Nm></CdtrAcct></RltdPties><RltdAgts><DbtrAgt><FinInstnId><BIC>TATRSKBX</BIC></FinInstnId></DbtrAgt><CdtrAgt><FinInstnId><BIC>GIBASKBX</BIC></FinInstnId></CdtrAgt></RltdAgts><RmtInf><Ustrd>PAY by square 88894177</Ustrd></RmtInf></TxDtls></NtryDtls></Ntry>
<Ntry><NtryRef>FSY0017109650</NtryRef><Amt Ccy="EUR">36</Amt><CdtDbtInd>CRDT</CdtDbtInd><RvslInd>false</RvslInd><Sts>BOOK</Sts><BookgDt><Dt>2023-04-10</Dt></BookgDt><ValDt><Dt>2023-04-10</Dt></ValDt><BkTxCd><Prtry><Cd>10000403000</Cd><Issr>SBA</Issr></Prtry></BkTxCd><NtryDtls><TxDtls><Refs><AcctSvcrRef>F001100420237109651</AcctSvcrRef><EndToEndId>/VS555/SS/KS0308</EndToEndId></Refs><BkTxCd><Prtry><Cd>10000403000</Cd><Issr>SBA</Issr></Prtry></BkTxCd><RltdPties><DbtrAcct><Id><IBAN>SK2309000000000054102600</IBAN></Id><Nm>SIMALA DANIEL ING.</Nm></DbtrAcct><CdtrAcct><Id><IBAN>SK8809000000005149764503</IBAN></Id><Nm>Papezske misijne diela</Nm></CdtrAcct></RltdPties><RltdAgts><DbtrAgt><FinInstnId><BIC>GIBASKBX</BIC></FinInstnId></DbtrAgt><CdtrAgt><FinInstnId><BIC>GIBASKBX</BIC></FinInstnId></CdtrAgt></RltdAgts><RmtInf><Ustrd>Hladovka 307, PSC 027 13, e-mail: simala@orava.sk</Ustrd></RmtInf></TxDtls></NtryDtls></Ntry>
<Ntry><NtryRef>2310050000024274</NtryRef><Amt Ccy="EUR">36</Amt><CdtDbtInd>CRDT</CdtDbtInd><RvslInd>false</RvslInd><Sts>BOOK</Sts><BookgDt><Dt>2023-04-10</Dt></BookgDt><ValDt><Dt>2023-04-10</Dt></ValDt><BkTxCd><Prtry><Cd>10000405000</Cd><Issr>SBA</Issr></Prtry></BkTxCd><NtryDtls><TxDtls><Refs><AcctSvcrRef>F001100420237113305</AcctSvcrRef><EndToEndId>/VS5557/SS/KS</EndToEndId></Refs><BkTxCd><Prtry><Cd>10000405000</Cd><Issr>SBA</Issr></Prtry></BkTxCd><RltdPties><DbtrAcct><Id><IBAN>SK8002000000002786745651</IBAN></Id><Nm>Valeria Ftorekova</Nm></DbtrAcct><CdtrAcct><Id><IBAN>SK8809000000005149764503</IBAN></Id><Nm>Papezske misijne diela</Nm></CdtrAcct></RltdPties><RltdAgts><DbtrAgt><FinInstnId><BIC>SUBASKBX</BIC></FinInstnId></DbtrAgt><CdtrAgt><FinInstnId><BIC>GIBASKBX</BIC></FinInstnId></CdtrAgt></RltdAgts><RmtInf><Ustrd>ftorekova.valeriagmail.com</Ustrd></RmtInf></TxDtls></NtryDtls></Ntry>
<Ntry><NtryRef>FSY0017124949</NtryRef><Amt Ccy="EUR">160</Amt><CdtDbtInd>CRDT</CdtDbtInd><RvslInd>false</RvslInd><Sts>BOOK</Sts><BookgDt><Dt>2023-04-10</Dt></BookgDt><ValDt><Dt>2023-04-10</Dt></ValDt><BkTxCd><Prtry><Cd>10000403000</Cd><Issr>SBA</Issr></Prtry></BkTxCd><NtryDtls><TxDtls><Refs><AcctSvcrRef>F001100420237124950</AcctSvcrRef><EndToEndId>/VS77794361/SS/KS</EndToEndId></Refs><BkTxCd><Prtry><Cd>10000403000</Cd><Issr>SBA</Issr></Prtry></BkTxCd><RltdPties><DbtrAcct><Id><IBAN>SK1609000000005139554027</IBAN></Id><Nm>Sunokova Monika</Nm></DbtrAcct><CdtrAcct><Id><IBAN>SK8809000000005149764503</IBAN></Id><Nm>Papezske misijne diela</Nm></CdtrAcct></RltdPties><RltdAgts><DbtrAgt><FinInstnId><BIC>GIBASKBX</BIC></FinInstnId></DbtrAgt><CdtrAgt><FinInstnId><BIC>GIBASKBX</BIC></FinInstnId></CdtrAgt></RltdAgts><RmtInf><Ustrd>Bezhotovostny vklad</Ustrd></RmtInf></TxDtls></NtryDtls></Ntry>
<Ntry><NtryRef>FSY0017134114</NtryRef><Amt Ccy="EUR">10</Amt><CdtDbtInd>CRDT</CdtDbtInd><RvslInd>false</RvslInd><Sts>BOOK</Sts><BookgDt><Dt>2023-04-10</Dt></BookgDt><ValDt><Dt>2023-04-10</Dt></ValDt><BkTxCd><Prtry><Cd>10000403000</Cd><Issr>SBA</Issr></Prtry></BkTxCd><NtryDtls><TxDtls><Refs><AcctSvcrRef>F001100420237134115</AcctSvcrRef><EndToEndId>/VS7171/SS/KS</EndToEndId></Refs><BkTxCd><Prtry><Cd>10000403000</Cd><Issr>SBA</Issr></Prtry></BkTxCd><RltdPties><DbtrAcct><Id><IBAN>SK0409000000005126716875</IBAN></Id><Nm>Babikova Lenka</Nm></DbtrAcct><CdtrAcct><Id><IBAN>SK8809000000005149764503</IBAN></Id><Nm>Papezske misijne diela</Nm></CdtrAcct></RltdPties><RltdAgts><DbtrAgt><FinInstnId><BIC>GIBASKBX</BIC></FinInstnId></DbtrAgt><CdtrAgt><FinInstnId><BIC>GIBASKBX</BIC></FinInstnId></CdtrAgt></RltdAgts><RmtInf><Ustrd>Babikova</Ustrd></RmtInf></TxDtls></NtryDtls></Ntry>
</Stmt></BkToCstmrStmt></Document>