<?xml version="1.0" encoding="UTF-8" standalone="no"?>
<Document xmlns="urn:iso:std:iso:20022:tech:xsd:camt.053.001.02" xmlns:xsi="http://www.w3.org/2001/XMLSchema-instance"><BkToCstmrStmt><GrpHdr><MsgId>GIBASKBX-230225-SEPAXML~22307000</MsgId><CreDtTm>2023-02-25T01:36:33.0+01:00</CreDtTm><MsgRcpt><Nm>Papezske misijne diela</Nm><PstlAdr><StrtNm>Lazaretska  32</StrtNm><PstCd>81109</PstCd><TwnNm>Bratislava - Stare Mesto</TwnNm><Ctry>SK</Ctry></PstlAdr><Id><OrgId><Othr><Id>Papezske misijne diela</Id></Othr></OrgId></Id></MsgRcpt></GrpHdr><Stmt><Id>SK8809000000005149764503-2023-02-24</Id><ElctrncSeqNb>55</ElctrncSeqNb><LglSeqNb>55</LglSeqNb><CreDtTm>2023-02-25T01:36:33.0+01:00</CreDtTm><FrToDt><FrDtTm>2023-02-24T00:00:00.0+01:00</FrDtTm><ToDtTm>2023-02-24T23:59:59.0+01:00</ToDtTm></FrToDt><Acct><Id><IBAN>SK8809000000005149764503</IBAN></Id><Ccy>EUR</Ccy><Nm>Papezske misijne diela</Nm><Ownr><Nm>Papezske misijne diela</Nm><PstlAdr><StrtNm>Lazaretska  32</StrtNm><PstCd>81109</PstCd><TwnNm>Bratislava - Stare Mesto</TwnNm><Ctry>SK</Ctry></PstlAdr><Id><OrgId><Othr><Id>Papezske misijne diela</Id></Othr></OrgId></Id></Ownr><Svcr><FinInstnId><BIC>GIBASKBX</BIC><Nm>Slovenska sporitelna, a.s.</Nm><PstlAdr><StrtNm>Tomasikova</StrtNm><BldgNb>48</BldgNb><PstCd>83237</PstCd><TwnNm>Bratislava</TwnNm><Ctry>SK</Ctry></PstlAdr><Othr><Id>0900</Id></Othr></FinInstnId></Svcr></Acct><Bal><Tp><CdOrPrtry><Cd>PRCD</Cd></CdOrPrtry></Tp><Amt Ccy="EUR">2824054.43</Amt><CdtDbtInd>CRDT</CdtDbtInd><Dt><Dt>2023-02-24</Dt></Dt></Bal><Bal><Tp><CdOrPrtry><Cd>CLBD</Cd></CdOrPrtry></Tp><Amt Ccy="EUR">2831569.43</Amt><CdtDbtInd>CRDT</CdtDbtInd><Dt><Dt>2023-02-24</Dt></Dt></Bal><Bal><Tp><CdOrPrtry><Cd>CLAV</Cd></CdOrPrtry></Tp><CdtLine><Incl>true</Incl><Amt Ccy="EUR">0</Amt></CdtLine><Amt Ccy="EUR">2831569.43</Amt><CdtDbtInd>CRDT</CdtDbtInd><Dt><Dt>2023-02-24</Dt></Dt></Bal><TxsSummry><TtlNtries><NbOfNtries>93</NbOfNtries><Sum>7515</Sum><TtlNetNtryAmt>7515</TtlNetNtryAmt><CdtDbtInd>CRDT</CdtDbtInd></TtlNtries><TtlCdtNtries><NbOfNtries>93</NbOfNtries><Sum>7515</Sum></TtlCdtNtries><TtlDbtNtries><NbOfNtries>0</NbOfNtries><Sum>0</Sum></TtlDbtNtries></TxsSummry>
<Ntry><NtryRef>FSY0013594809</NtryRef><Amt Ccy="EUR">5</Amt><CdtDbtInd>CRDT</CdtDbtInd><RvslInd>false</RvslInd><Sts>BOOK</Sts><BookgDt><Dt>2023-02-24</Dt></BookgDt><ValDt><Dt>2023-02-23</Dt></ValDt><BkTxCd><Prtry><Cd>10000403000</Cd><Issr>SBA</Issr></Prtry></BkTxCd><NtryDtls><TxDtls><Refs><AcctSvcrRef>F001240220233594816</AcctSvcrRef><EndToEndId>/VS200/SS/KS</EndToEndId></Refs><BkTxCd><Prtry><Cd>10000403000</Cd><Issr>SBA</Issr></Prtry></BkTxCd><RltdPties><DbtrAcct><Id><IBAN>SK1509000000005126390369</IBAN></Id><Nm>Kolozvaryova Silvia</Nm></DbtrAcct><CdtrAcct><Id><IBAN>SK8809000000005149764503</IBAN></Id><Nm>Papezske misijne diela</Nm></CdtrAcct></RltdPties><RltdAgts><DbtrAgt><FinInstnId><BIC>GIBASKBX</BIC></FinInstnId></DbtrAgt><CdtrAgt><FinInstnId><BIC>GIBASKBX</BIC></FinInstnId></CdtrAgt></RltdAgts><RmtInf><Ustrd>smile337@azet.sk, Silvia Kolozvaryova, Mladeznicka 34,Kosice Saca,04015</Ustrd></RmtInf></TxDtls></NtryDtls></Ntry>
<Ntry><NtryRef>FSY0013594813</NtryRef><Amt Ccy="EUR">100</Amt><CdtDbtInd>CRDT</CdtDbtInd><RvslInd>false</RvslInd><Sts>BOOK</Sts><BookgDt><Dt>2023-02-24</Dt></BookgDt><ValDt><Dt>2023-02-23</Dt></ValDt><BkTxCd><Prtry><Cd>10000403000</Cd><Issr>SBA</Issr></Prtry></BkTxCd><NtryDtls><TxDtls><Refs><AcctSvcrRef>F001240220233594822</AcctSvcrRef><EndToEndId>/VS6767/SS/KS</EndToEndId></Refs><BkTxCd><Prtry><Cd>10000403000</Cd><Issr>SBA</Issr></Prtry></BkTxCd><RltdPties><DbtrAcct><Id><IBAN>SK0809000000000332764082</IBAN></Id><Nm>Soltes Maros</Nm></DbtrAcct><CdtrAcct><Id><IBAN>SK8809000000005149764503</IBAN></Id><Nm>Papezske misijne diela</Nm></CdtrAcct></RltdPties><RltdAgts><DbtrAgt><FinInstnId><BIC>GIBASKBX</BIC></FinInstnId></DbtrAgt><CdtrAgt><FinInstnId><BIC>GIBASKBX</BIC></FinInstnId></CdtrAgt></RltdAgts><RmtInf><Ustrd>Bezhotovostny vklad</Ustrd></RmtInf></TxDtls></NtryDtls></Ntry>
<Ntry><NtryRef>FSY0013600692</NtryRef><Amt Ccy="EUR">15</Amt><CdtDbtInd>CRDT</CdtDbtInd><RvslInd>false</RvslInd><Sts>BOOK</Sts><BookgDt><Dt>2023-02-24</Dt></BookgDt><ValDt><Dt>2023-02-24</Dt></ValDt><BkTxCd><Prtry><Cd>10000403000</Cd><Issr>SBA</Issr></Prtry></BkTxCd><NtryDtls><TxDtls><Refs><AcctSvcrRef>F001240220233600702</AcctSvcrRef><EndToEndId>/VS777/SS/KS0558</EndToEndId></Refs><BkTxCd><Prtry><Cd>10000403000</Cd><Issr>SBA</Issr></Prtry></BkTxCd><RltdPties><DbtrAcct><Id><IBAN>SK6109000000000082091945</IBAN></Id><Nm>Novakova Katarina Ing.</Nm></DbtrAcct><CdtrAcct><Id><IBAN>SK8809000000005149764503</IBAN></Id><Nm>Papezske misijne diela</Nm></CdtrAcct></RltdPties><RltdAgts><DbtrAgt><FinInstnId><BIC>GIBASKBX</BIC></FinInstnId></DbtrAgt><CdtrAgt><FinInstnId><BIC>GIBASKBX</BIC></FinInstnId></CdtrAgt></RltdAgts><RmtInf><Ustrd>referencne cislo 50021 na tri svate omse za zosnulych Jana, Katarinu a Mariu Novakovu za ich spasu</Ustrd></RmtInf></TxDtls></NtryDtls></Ntry>
<Ntry><NtryRef>FSY0013615922</NtryRef><Amt Ccy="EUR">50</Amt><CdtDbtInd>CRDT</CdtDbtInd><RvslInd>false</RvslInd><Sts>BOOK</Sts><BookgDt><Dt>2023-02-24</Dt></BookgDt><ValDt><Dt>2023-02-24</Dt></ValDt><BkTxCd><Prtry><Cd>10000403000</Cd><Issr>SBA</Issr></Prtry></BkTxCd><NtryDtls><TxDtls><Refs><AcctSvcrRef>F001240220233615943</AcctSvcrRef><EndToEndId>/VS320/SS/KS0308</EndToEndId></Refs><BkTxCd><Prtry><Cd>10000403000</Cd><Issr>SBA</Issr></Prtry></BkTxCd><RltdPties><DbtrAcct><Id><IBAN>SK2209000000000323737592</IBAN></Id><Nm>MURINOVA EVA</Nm></DbtrAcct><CdtrAcct><Id><IBAN>SK8809000000005149764503</IBAN></Id><Nm>Papezske misijne diela</Nm></CdtrAcct></RltdPties><RltdAgts><DbtrAgt><FinInstnId><BIC>GIBASKBX</BIC></FinInstnId></DbtrAgt><CdtrAgt><FinInstnId><BIC>GIBASKBX</BIC></FinInstnId></CdtrAgt></RltdAgts><RmtInf><Ustrd>seminarista prispevok Murinova Eva</Ustrd></RmtInf></TxDtls></NtryDtls></Ntry>
<Ntry><NtryRef>FSY0013619420</NtryRef><Amt Ccy="EUR">20</Amt><CdtDbtInd>CRDT</CdtDbtInd><RvslInd>false</RvslInd><Sts>BOOK</Sts><BookgDt><Dt>2023-02-24</Dt></BookgDt><ValDt><Dt>2023-02-24</Dt></ValDt><BkTxCd><Prtry><Cd>10000403000</Cd><Issr>SBA</Issr></Prtry></BkTxCd><NtryDtls><TxDtls><Refs><AcctSvcrRef>F001240220233619444</AcctSvcrRef><EndToEndId>/VS7171/SS/KS</EndToEndId></Refs><BkTxCd><Prtry><Cd>10000403000</Cd><Issr>SBA</Issr></Prtry></BkTxCd><RltdPties><DbtrAcct><Id><IBAN>SK2409000000000450626457</IBAN></Id><Nm>Katrinakova Martina</Nm></DbtrAcct><CdtrAcct><Id><IBAN>SK8809000000005149764503</IBAN></Id><Nm>Papezske misijne diela</Nm></CdtrAcct></RltdPties><RltdAgts><DbtrAgt><FinInstnId><BIC>GIBASKBX</BIC></FinInstnId></DbtrAgt><CdtrAgt><FinInstnId><BIC>GIBASKBX</BIC></FinInstnId></CdtrAgt></RltdAgts><RmtInf><Ustrd>Bezhotovostny vklad</Ustrd></RmtInf></TxDtls></NtryDtls></Ntry>
<Ntry><NtryRef>FSY0013627285</NtryRef><Amt Ccy="EUR">20</Amt><CdtDbtInd>CRDT</CdtDbtInd><RvslInd>false</RvslInd><Sts>BOOK</Sts><BookgDt><Dt>2023-02-24</Dt></BookgDt><ValDt><Dt>2023-02-24</Dt></ValDt><BkTxCd><Prtry><Cd>10000403000</Cd><Issr>SBA</Issr></Prtry></BkTxCd><NtryDtls><TxDtls><Refs><AcctSvcrRef>F001240220233627308</AcctSvcrRef><EndToEndId>/VS777/SS/KS</EndToEndId></Refs><BkTxCd><Prtry><Cd>10000403000</Cd><Issr>SBA</Issr></Prtry></BkTxCd><RltdPties><DbtrAcct><Id><IBAN>SK0909000000000631810990</IBAN></Id><Nm>Kubovcakova Maria</Nm></DbtrAcct><CdtrAcct><Id><IBAN>SK8809000000005149764503</IBAN></Id><Nm>Papezske misijne diela</Nm></CdtrAcct></RltdPties><RltdAgts><DbtrAgt><FinInstnId><BIC>GIBASKBX</BIC></FinInstnId></DbtrAgt><CdtrAgt><FinInstnId><BIC>GIBASKBX</BIC></FinInstnId></CdtrAgt></RltdAgts><RmtInf><Ustrd>4 sv.omse za r.Kovacovu,Winterovu,S                              tukovu a Strausovu -                mesacne, maria               .kubo     </Ustrd></RmtInf></TxDtls></NtryDtls></Ntry>
<Ntry><NtryRef>FSY0013637782</NtryRef><Amt Ccy="EUR">50</Amt><CdtDbtInd>CRDT</CdtDbtInd><RvslInd>false</RvslInd><Sts>BOOK</Sts><BookgDt><Dt>2023-02-24</Dt></BookgDt><ValDt><Dt>2023-02-24</Dt></ValDt><BkTxCd><Prtry><Cd>10000403000</Cd><Issr>SBA</Issr></Prtry></BkTxCd><NtryDtls><TxDtls><Refs><AcctSvcrRef>F001240220233637803</AcctSvcrRef><EndToEndId>/VS200/SS/KS</EndToEndId></Refs><BkTxCd><Prtry><Cd>10000403000</Cd><Issr>SBA</Issr></Prtry></BkTxCd><RltdPties><DbtrAcct><Id><IBAN>SK6409000000000364516024</IBAN></Id><Nm>Gajdos Matej</Nm></DbtrAcct><CdtrAcct><Id><IBAN>SK8809000000005149764503</IBAN></Id><Nm>Papezske misijne diela</Nm></CdtrAcct></RltdPties><RltdAgts><DbtrAgt><FinInstnId><BIC>GIBASKBX</BIC></FinInstnId></DbtrAgt><CdtrAgt><FinInstnId><BIC>GIBASKBX</BIC></FinInstnId></CdtrAgt></RltdAgts><RmtInf><Ustrd>Nech Boh sprevadza Vase kroky. Amen.</Ustrd></RmtInf></TxDtls></NtryDtls></Ntry>
<Ntry><NtryRef>FSY0013653685</NtryRef><Amt Ccy="EUR">10</Amt><CdtDbtInd>CRDT</CdtDbtInd><RvslInd>false</RvslInd><Sts>BOOK</Sts><BookgDt><Dt>2023-02-24</Dt></BookgDt><ValDt><Dt>2023-02-24</Dt></ValDt><BkTxCd><Prtry><Cd>10000403000</Cd><Issr>SBA</Issr></Prtry></BkTxCd><NtryDtls><TxDtls><Refs><AcctSvcrRef>F001240220233653719</AcctSvcrRef><EndToEndId>/VS7171/SS/KS</EndToEndId></Refs><BkTxCd><Prtry><Cd>10000403000</Cd><Issr>SBA</Issr></Prtry></BkTxCd><RltdPties><DbtrAcct><Id><IBAN>SK3309000000000051845230</IBAN></Id><Nm>Gablasova Anna</Nm></DbtrAcct><CdtrAcct><Id><IBAN>SK8809000000005149764503</IBAN></Id><Nm>Papezske misijne diela</Nm></CdtrAcct></RltdPties><RltdAgts><DbtrAgt><FinInstnId><BIC>GIBASKBX</BIC></FinInstnId></DbtrAgt><CdtrAgt><FinInstnId><BIC>GIBASKBX</BIC></FinInstnId></CdtrAgt></RltdAgts><RmtInf><Ustrd>Gablasova Anna</Ustrd></RmtInf></TxDtls></NtryDtls></Ntry>
<Ntry><NtryRef>FSY0013654532</NtryRef><Amt Ccy="EUR">50</Amt><CdtDbtInd>CRDT</CdtDbtInd><RvslInd>false</RvslInd><Sts>BOOK</Sts><BookgDt><Dt>2023-02-24</Dt></BookgDt><ValDt><Dt>2023-02-24</Dt></ValDt><BkTxCd><Prtry><Cd>10000403000</Cd><Issr>SBA</Issr></Prtry></BkTxCd><NtryDtls><TxDtls><Refs><AcctSvcrRef>F001240220233654560</AcctSvcrRef><EndToEndId>/VS320/SS/KS</EndToEndId></Refs><BkTxCd><Prtry><Cd>10000403000</Cd><Issr>SBA</Issr></Prtry></BkTxCd><RltdPties><DbtrAcct><Id><IBAN>SK8209000000005032352804</IBAN></Id><Nm>Kulova Bibiana</Nm></DbtrAcct><CdtrAcct><Id><IBAN>SK8809000000005149764503</IBAN></Id><Nm>Papezske misijne diela</Nm></CdtrAcct></RltdPties><RltdAgts><DbtrAgt><FinInstnId><BIC>GIBASKBX</BIC></FinInstnId></DbtrAgt><CdtrAgt><FinInstnId><BIC>GIBASKBX</BIC></FinInstnId></CdtrAgt></RltdAgts><RmtInf><Ustrd>Bezhotovostny vklad</Ustrd></RmtInf></TxDtls></NtryDtls></Ntry>
<Ntry><NtryRef>OO23022400000419</NtryRef><Amt Ccy="EUR">150</Amt><CdtDbtInd>CRDT</CdtDbtInd><RvslInd>false</RvslInd><Sts>BOOK</Sts><BookgDt><Dt>2023-02-24</Dt></BookgDt><ValDt><Dt>2023-02-24</Dt></ValDt><BkTxCd><Prtry><Cd>10000405000</Cd><Issr>SBA</Issr></Prtry></BkTxCd><NtryDtls><TxDtls><Refs><AcctSvcrRef>F001240220233659185</AcctSvcrRef><EndToEndId>/VS77792370/SS/KS</EndToEndId></Refs><BkTxCd><Prtry><Cd>10000405000</Cd><Issr>SBA</Issr></Prtry></BkTxCd><RltdPties><DbtrAcct><Id><IBAN>SK8811000000002618931893</IBAN></Id><Nm>Lukacova Anna, PaedDr.</Nm></DbtrAcct><CdtrAcct><Id><IBAN>SK8809000000005149764503</IBAN></Id><Nm>Papezske misijne diela</Nm></CdtrAcct></RltdPties><RltdAgts><DbtrAgt><FinInstnId><BIC>TATRSKBX</BIC></FinInstnId></DbtrAgt><CdtrAgt><FinInstnId><BIC>GIBASKBX</BIC></FinInstnId></CdtrAgt></RltdAgts><RmtInf><Ustrd>77792370</Ustrd></RmtInf></TxDtls></NtryDtls></Ntry>
<Ntry><NtryRef>2305550000001030</NtryRef><Amt Ccy="EUR">150</Amt><CdtDbtInd>CRDT</CdtDbtInd><RvslInd>false</RvslInd><Sts>BOOK</Sts><BookgDt><Dt>2023-02-24</Dt></BookgDt><ValDt><Dt>2023-02-24</Dt></ValDt><BkTxCd><Prtry><Cd>10000405000</Cd><Issr>SBA</Issr></Prtry></BkTxCd><NtryDtls><TxDtls><Refs><AcctSvcrRef>F001240220233697733</AcctSvcrRef><EndToEndId>/VS77792371/SS/KS0558</EndToEndId></Refs><BkTxCd><Prtry><Cd>10000405000</Cd><Issr>SBA</Issr></Prtry></BkTxCd><RltdPties><DbtrAcct><Id><IBAN>SK9002000000002232581755</IBAN></Id><Nm>Jana Ondrejkova</Nm></DbtrAcct><CdtrAcct><Id><IBAN>SK8809000000005149764503</IBAN></Id><Nm>Papezske misijne diela</Nm></CdtrAcct></RltdPties><RltdAgts><DbtrAgt><FinInstnId><BIC>SUBASKBX</BIC></FinInstnId></DbtrAgt><CdtrAgt><FinInstnId><BIC>GIBASKBX</BIC></FinInstnId></CdtrAgt></RltdAgts><RmtInf><Ustrd>Bezhotovostny vklad-okamzita platba</Ustrd></RmtInf></TxDtls></NtryDtls></Ntry>
<Ntry><NtryRef>FSY0013699596</NtryRef><Amt Ccy="EUR">155</Amt><CdtDbtInd>CRDT</CdtDbtInd><RvslInd>false</RvslInd><Sts>BOOK</Sts><BookgDt><Dt>2023-02-24</Dt></BookgDt><ValDt><Dt>2023-02-24</Dt></ValDt><BkTxCd><Prtry><Cd>10000403000</Cd><Issr>SBA</Issr></Prtry></BkTxCd><NtryDtls><TxDtls><Refs><AcctSvcrRef>F001240220233699597</AcctSvcrRef><EndToEndId>/VS77792372/SS/KS</EndToEndId></Refs><BkTxCd><Prtry><Cd>10000403000</Cd><Issr>SBA</Issr></Prtry></BkTxCd><RltdPties><DbtrAcct><Id><IBAN>SK0709000000000578090583</IBAN></Id><Nm>Andrejcikova Renata</Nm></DbtrAcct><CdtrAcct><Id><IBAN>SK8809000000005149764503</IBAN></Id><Nm>Papezske misijne diela</Nm></CdtrAcct></RltdPties><RltdAgts><DbtrAgt><FinInstnId><BIC>GIBASKBX</BIC></FinInstnId></DbtrAgt><CdtrAgt><FinInstnId><BIC>GIBASKBX</BIC></FinInstnId></CdtrAgt></RltdAgts><RmtInf><Ustrd>greg.svomse renata.andrejcikova</Ustrd></RmtInf></TxDtls></NtryDtls></Ntry>
<Ntry><NtryRef>FSY0013699871</NtryRef><Amt Ccy="EUR">7</Amt><CdtDbtInd>CRDT</CdtDbtInd><RvslInd>false</RvslInd><Sts>BOOK</Sts><BookgDt><Dt>2023-02-24</Dt></BookgDt><ValDt><Dt>2023-02-24</Dt></ValDt><BkTxCd><Prtry><Cd>10000403000</Cd><Issr>SBA</Issr></Prtry></BkTxCd><NtryDtls><TxDtls><Refs><AcctSvcrRef>F001240220233699872</AcctSvcrRef><EndToEndId>/VS77792373/SS/KS</EndToEndId></Refs><BkTxCd><Prtry><Cd>10000403000</Cd><Issr>SBA</Issr></Prtry></BkTxCd><RltdPties><DbtrAcct><Id><IBAN>SK0709000000000578090583</IBAN></Id><Nm>Andrejcikova Renata</Nm></DbtrAcct><CdtrAcct><Id><IBAN>SK8809000000005149764503</IBAN></Id><Nm>Papezske misijne diela</Nm></CdtrAcct></RltdPties><RltdAgts><DbtrAgt><FinInstnId><BIC>GIBASKBX</BIC></FinInstnId></DbtrAgt><CdtrAgt><FinInstnId><BIC>GIBASKBX</BIC></FinInstnId></CdtrAgt></RltdAgts><RmtInf><Ustrd>1sv.omsa renta.andrejcikova</Ustrd></RmtInf></TxDtls></NtryDtls></Ntry>
<Ntry><NtryRef>OO23022400001669</NtryRef><Amt Ccy="EUR">160</Amt><CdtDbtInd>CRDT</CdtDbtInd><RvslInd>false</RvslInd><Sts>BOOK</Sts><BookgDt><Dt>2023-02-24</Dt></BookgDt><ValDt><Dt>2023-02-24</Dt></ValDt><BkTxCd><Prtry><Cd>10000405000</Cd><Issr>SBA</Issr></Prtry></BkTxCd><NtryDtls><TxDtls><Refs><AcctSvcrRef>F001240220233700046</AcctSvcrRef><EndToEndId>/VS77792352/SS/KS</EndToEndId></Refs><BkTxCd><Prtry><Cd>10000405000</Cd><Issr>SBA</Issr></Prtry></BkTxCd><RltdPties><DbtrAcct><Id><IBAN>SK2111000000002914664080</IBAN></Id><Nm>Krajciova Dorota</Nm></DbtrAcct><CdtrAcct><Id><IBAN>SK8809000000005149764503</IBAN></Id><Nm>Papezske misijne diela</Nm></CdtrAcct></RltdPties><RltdAgts><DbtrAgt><FinInstnId><BIC>TATRSKBX</BIC></FinInstnId></DbtrAgt><CdtrAgt><FinInstnId><BIC>GIBASKBX</BIC></FinInstnId></CdtrAgt></RltdAgts><RmtInf><Ustrd>anezka.krajciova</Ustrd></RmtInf></TxDtls></NtryDtls></Ntry>
<Ntry><NtryRef>FSY0013707346</NtryRef><Amt Ccy="EUR">10</Amt><CdtDbtInd>CRDT</CdtDbtInd><RvslInd>false</RvslInd><Sts>BOOK</Sts><BookgDt><Dt>2023-02-24</Dt></BookgDt><ValDt><Dt>2023-02-24</Dt></ValDt><BkTxCd><Prtry><Cd>10000403000</Cd><Issr>SBA</Issr></Prtry></BkTxCd><NtryDtls><TxDtls><Refs><AcctSvcrRef>F001240220233707347</AcctSvcrRef><EndToEndId>/VS500/SS/KS</EndToEndId></Refs><BkTxCd><Prtry><Cd>10000403000</Cd><Issr>SBA</Issr></Prtry></BkTxCd><RltdPties><DbtrAcct><Id><IBAN>SK1309000000000310613945</IBAN></Id><Nm>Kozak Jan</Nm></DbtrAcct><CdtrAcct><Id><IBAN>SK8809000000005149764503</IBAN></Id><Nm>Papezske misijne diela</Nm></CdtrAcct></RltdPties><RltdAgts><DbtrAgt><FinInstnId><BIC>GIBASKBX</BIC></FinInstnId></DbtrAgt><CdtrAgt><FinInstnId><BIC>GIBASKBX</BIC></FinInstnId></CdtrAgt></RltdAgts><RmtInf><Ustrd>kozakovadaniela@azet.sk</Ustrd></RmtInf></TxDtls></NtryDtls></Ntry>
<Ntry><NtryRef>FSY0013736913</NtryRef><Amt Ccy="EUR">12</Amt><CdtDbtInd>CRDT</CdtDbtInd><RvslInd>false</RvslInd><Sts>BOOK</Sts><BookgDt><Dt>2023-02-24</Dt></BookgDt><ValDt><Dt>2023-02-24</Dt></ValDt><BkTxCd><Prtry><Cd>10000403000</Cd><Issr>SBA</Issr></Prtry></BkTxCd><NtryDtls><TxDtls><Refs><AcctSvcrRef>F001240220233736914</AcctSvcrRef><EndToEndId>/VS77792345/SS/KS</EndToEndId></Refs><BkTxCd><Prtry><Cd>10000403000</Cd><Issr>SBA</Issr></Prtry></BkTxCd><RltdPties><DbtrAcct><Id><IBAN>SK4409000000000310379132</IBAN></Id><Nm>Cvencekova Anna,Cvencek Pavol</Nm></DbtrAcct><CdtrAcct><Id><IBAN>SK8809000000005149764503</IBAN></Id><Nm>Papezske misijne diela</Nm></CdtrAcct></RltdPties><RltdAgts><DbtrAgt><FinInstnId><BIC>GIBASKBX</BIC></FinInstnId></DbtrAgt><CdtrAgt><FinInstnId><BIC>GIBASKBX</BIC></FinInstnId></CdtrAgt></RltdAgts><RmtInf><Ustrd>cvencekovaanna@gmail.com</Ustrd></RmtInf></TxDtls></NtryDtls></Ntry>
<Ntry><NtryRef>FSY0013741783</NtryRef><Amt Ccy="EUR">150</Amt><CdtDbtInd>CRDT</CdtDbtInd><RvslInd>false</RvslInd><Sts>BOOK</Sts><BookgDt><Dt>2023-02-24</Dt></BookgDt><ValDt><Dt>2023-02-24</Dt></ValDt><BkTxCd><Prtry><Cd>10000403000</Cd><Issr>SBA</Issr></Prtry></BkTxCd><NtryDtls><TxDtls><Refs><AcctSvcrRef>F001240220233741784</AcctSvcrRef><EndToEndId>/VS77792376/SS/KS</EndToEndId></Refs><BkTxCd><Prtry><Cd>10000403000</Cd><Issr>SBA</Issr></Prtry></BkTxCd><RltdPties><DbtrAcct><Id><IBAN>SK5509000000000522925043</IBAN></Id><Nm>Benckova Dominika</Nm></DbtrAcct><CdtrAcct><Id><IBAN>SK8809000000005149764503</IBAN></Id><Nm>Papezske misijne diela</Nm></CdtrAcct></RltdPties><RltdAgts><DbtrAgt><FinInstnId><BIC>GIBASKBX</BIC></FinInstnId></DbtrAgt><CdtrAgt><FinInstnId><BIC>GIBASKBX</BIC></FinInstnId></CdtrAgt></RltdAgts><RmtInf><Ustrd>dominikabenckova@gmail.com</Ustrd></RmtInf></TxDtls></NtryDtls></Ntry>
<Ntry><NtryRef>2305550000007044</NtryRef><Amt Ccy="EUR">152</Amt><CdtDbtInd>CRDT</CdtDbtInd><RvslInd>false</RvslInd><Sts>BOOK</Sts><BookgDt><Dt>2023-02-24</Dt></BookgDt><ValDt><Dt>2023-02-24</Dt></ValDt><BkTxCd><Prtry><Cd>10000405000</Cd><Issr>SBA</Issr></Prtry></BkTxCd><NtryDtls><TxDtls><Refs><AcctSvcrRef>F001240220233743621</AcctSvcrRef><EndToEndId>NOTPROVIDED</EndToEndId></Refs><BkTxCd><Prtry><Cd>10000405000</Cd><Issr>SBA</Issr></Prtry></BkTxCd><RltdPties><DbtrAcct><Id><IBAN>SK4502000000004449945432</IBAN></Id><Nm>Andrea Chodelkova</Nm></DbtrAcct><CdtrAcct><Id><IBAN>SK8809000000005149764503</IBAN></Id><Nm>Papezske misijne diela</Nm></CdtrAcct></RltdPties><RltdAgts><DbtrAgt><FinInstnId><BIC>SUBASKBX</BIC></FinInstnId></DbtrAgt><CdtrAgt><FinInstnId><BIC>GIBASKBX</BIC></FinInstnId></CdtrAgt></RltdAgts><RmtInf><Ustrd>Bezhotovostny vklad-okamzita platba</Ustrd></RmtInf></TxDtls></NtryDtls></Ntry>
<Ntry><NtryRef>20230223-IZ572188579</NtryRef><Amt Ccy="EUR">170</Amt><CdtDbtInd>CRDT</CdtDbtInd><RvslInd>false</RvslInd><Sts>BOOK</Sts><BookgDt><Dt>2023-02-24</Dt></BookgDt><ValDt><Dt>2023-02-24</Dt></ValDt><BkTxCd><Prtry><Cd>10000403000</Cd><Issr>SBA</Issr></Prtry></BkTxCd><NtryDtls><TxDtls><Refs><MsgId>1362833-pacs.008-4</MsgId><AcctSvcrRef>F001240220233746656</AcctSvcrRef><EndToEndId>/VS77792323/SS/KS</EndToEndId></Refs><BkTxCd><Prtry><Cd>10000403000</Cd><Issr>SBA</Issr></Prtry></BkTxCd><RltdPties><DbtrAcct><Id><IBAN>SK1111110000006744934006</IBAN></Id><Nm>HAJDAK JOZEF</Nm></DbtrAcct><CdtrAcct><Id><IBAN>SK8809000000005149764503</IBAN></Id><Nm>Papezske misijne diela</Nm></CdtrAcct></RltdPties><RltdAgts><DbtrAgt><FinInstnId><BIC>UNCRSKBX</BIC></FinInstnId></DbtrAgt><CdtrAgt><FinInstnId><BIC>GIBASKBX</BIC></FinInstnId></CdtrAgt></RltdAgts></TxDtls></NtryDtls></Ntry>
<Ntry><NtryRef>20230223-IZ572208260</NtryRef><Amt Ccy="EUR">20</Amt><CdtDbtInd>CRDT</CdtDbtInd><RvslInd>false</RvslInd><Sts>BOOK</Sts><BookgDt><Dt>2023-02-24</Dt></BookgDt><ValDt><Dt>2023-02-24</Dt></ValDt><BkTxCd><Prtry><Cd>10000403000</Cd><Issr>SBA</Issr></Prtry></BkTxCd><NtryDtls><TxDtls><Refs><MsgId>1362833-pacs.008-4</MsgId><AcctSvcrRef>F001240220233748691</AcctSvcrRef><EndToEndId>/VS6767/SS/KS</EndToEndId></Refs><BkTxCd><Prtry><Cd>10000403000</Cd><Issr>SBA</Issr></Prtry></BkTxCd><RltdPties><DbtrAcct><Id><IBAN>SK0411110000001457174005</IBAN></Id><Nm>SOJKA JOZEF</Nm></DbtrAcct><CdtrAcct><Id><IBAN>SK8809000000005149764503</IBAN></Id><Nm>Papezske misijne diela</Nm></CdtrAcct></RltdPties><RltdAgts><DbtrAgt><FinInstnId><BIC>UNCRSKBX</BIC></FinInstnId></DbtrAgt><CdtrAgt><FinInstnId><BIC>GIBASKBX</BIC></FinInstnId></CdtrAgt></RltdAgts></TxDtls></NtryDtls></Ntry>
<Ntry><NtryRef>20230223-PRSCT00043384</NtryRef><Amt Ccy="EUR">40</Amt><CdtDbtInd>CRDT</CdtDbtInd><RvslInd>false</RvslInd><Sts>BOOK</Sts><BookgDt><Dt>2023-02-24</Dt></BookgDt><ValDt><Dt>2023-02-24</Dt></ValDt><BkTxCd><Prtry><Cd>10000403000</Cd><Issr>SBA</Issr></Prtry></BkTxCd><NtryDtls><TxDtls><Refs><MsgId>1362834-pacs.008-1</MsgId><AcctSvcrRef>F001240220233751825</AcctSvcrRef><EndToEndId>/VS6767/SS/KS</EndToEndId></Refs><BkTxCd><Prtry><Cd>10000403000</Cd><Issr>SBA</Issr></Prtry></BkTxCd><RltdPties><DbtrAcct><Id><IBAN>SK1575000000004009636396</IBAN></Id><Nm>LIPTAK ROMAN</Nm></DbtrAcct><CdtrAcct><Id><IBAN>SK8809000000005149764503</IBAN></Id><Nm>Papezske misijne diela</Nm></CdtrAcct></RltdPties><RltdAgts><DbtrAgt><FinInstnId><BIC>CEKOSKBX</BIC></FinInstnId></DbtrAgt><CdtrAgt><FinInstnId><BIC>GIBASKBX</BIC></FinInstnId></CdtrAgt></RltdAgts><RmtInf><Ustrd>/DO2023-02-23/SPRoman Liptak Moskovska 5 97404 BB</Ustrd></RmtInf></TxDtls></NtryDtls></Ntry>
<Ntry><NtryRef>20230223-PRSCT00027249</NtryRef><Amt Ccy="EUR">10</Amt><CdtDbtInd>CRDT</CdtDbtInd><RvslInd>false</RvslInd><Sts>BOOK</Sts><BookgDt><Dt>2023-02-24</Dt></BookgDt><ValDt><Dt>2023-02-24</Dt></ValDt><BkTxCd><Prtry><Cd>10000403000</Cd><Issr>SBA</Issr></Prtry></BkTxCd><NtryDtls><TxDtls><Refs><MsgId>1362846-pacs.008-1</MsgId><AcctSvcrRef>F001240220233757372</AcctSvcrRef><EndToEndId>/VS777/SS/KS</EndToEndId></Refs><BkTxCd><Prtry><Cd>10000403000</Cd><Issr>SBA</Issr></Prtry></BkTxCd><RltdPties><DbtrAcct><Id><IBAN>SK7775000000004029312700</IBAN></Id><Nm>SISANOVA MARIA</Nm></DbtrAcct><CdtrAcct><Id><IBAN>SK8809000000005149764503</IBAN></Id><Nm>Papezske misijne diela</Nm></CdtrAcct></RltdPties><RltdAgts><DbtrAgt><FinInstnId><BIC>CEKOSKBX</BIC></FinInstnId></DbtrAgt><CdtrAgt><FinInstnId><BIC>GIBASKBX</BIC></FinInstnId></CdtrAgt></RltdAgts><RmtInf><Ustrd>/DO2023-02-23/SPMaria Sisanova Valaska Dubova 259 03496</Ustrd></RmtInf></TxDtls></NtryDtls></Ntry>
<Ntry><NtryRef>2023-02-23/O:5O0ST8</NtryRef><Amt Ccy="EUR">200</Amt><CdtDbtInd>CRDT</CdtDbtInd><RvslInd>false</RvslInd><Sts>BOOK</Sts><BookgDt><Dt>2023-02-24</Dt></BookgDt><ValDt><Dt>2023-02-24</Dt></ValDt><BkTxCd><Prtry><Cd>10000403000</Cd><Issr>SBA</Issr></Prtry></BkTxCd><NtryDtls><TxDtls><Refs><MsgId>1362858-pacs.008-1</MsgId><AcctSvcrRef>F001240220233762820</AcctSvcrRef><EndToEndId>/VS6767/SS/KS</EndToEndId></Refs><BkTxCd><Prtry><Cd>10000403000</Cd><Issr>SBA</Issr></Prtry></BkTxCd><RltdPties><Dbtr><Id><PrvtId><Othr><Id>48834</Id><Issr>EY906230</Issr></Othr></PrvtId></Id></Dbtr><DbtrAcct><Id><IBAN>SK7256000000000488345001</IBAN></Id><Nm>HARCAR VILIAM</Nm></DbtrAcct><CdtrAcct><Id><IBAN>SK8809000000005149764503</IBAN></Id><Nm>Papezske misijne diela</Nm></CdtrAcct></RltdPties><RltdAgts><DbtrAgt><FinInstnId><BIC>KOMASK2X</BIC></FinInstnId></DbtrAgt><CdtrAgt><FinInstnId><BIC>GIBASKBX</BIC></FinInstnId></CdtrAgt></RltdAgts><RmtInf><Ustrd>/DO2023-02-23/SP</Ustrd></RmtInf></TxDtls></NtryDtls></Ntry>
<Ntry><NtryRef>2305513600292727</NtryRef><Amt Ccy="EUR">2298</Amt><CdtDbtInd>CRDT</CdtDbtInd><RvslInd>false</RvslInd><Sts>BOOK</Sts><BookgDt><Dt>2023-02-24</Dt></BookgDt><ValDt><Dt>2023-02-24</Dt></ValDt><BkTxCd><Prtry><Cd>10000403000</Cd><Issr>SBA</Issr></Prtry></BkTxCd><NtryDtls><TxDtls><Refs><MsgId>1362858-pacs.008-1</MsgId><AcctSvcrRef>F001240220233762393</AcctSvcrRef><EndToEndId>/VS1005400053/SS6010000711/KS0998</EndToEndId></Refs><BkTxCd><Prtry><Cd>10000403000</Cd><Issr>SBA</Issr></Prtry></BkTxCd><RltdPties><DbtrAcct><Id><IBAN>SK6902000020140015805012</IBAN></Id><Nm>SLOVENSKA POSTA, A.S.</Nm></DbtrAcct><CdtrAcct><Id><IBAN>SK8809000000005149764503</IBAN></Id><Nm>Papezske misijne diela</Nm></CdtrAcct></RltdPties><RltdAgts><DbtrAgt><FinInstnId><BIC>SUBASKBX</BIC></FinInstnId></DbtrAgt><CdtrAgt><FinInstnId><BIC>GIBASKBX</BIC></FinInstnId></CdtrAgt></RltdAgts><RmtInf><Ustrd>/DO2023-02-24/SP</Ustrd></RmtInf></TxDtls></NtryDtls></Ntry>
<Ntry><NtryRef>2305413600803736</NtryRef><Amt Ccy="EUR">50</Amt><CdtDbtInd>CRDT</CdtDbtInd><RvslInd>false</RvslInd><Sts>BOOK</Sts><BookgDt><Dt>2023-02-24</Dt></BookgDt><ValDt><Dt>2023-02-24</Dt></ValDt><BkTxCd><Prtry><Cd>10000403000</Cd><Issr>SBA</Issr></Prtry></BkTxCd><NtryDtls><TxDtls><Refs><MsgId>1362858-pacs.008-1</MsgId><AcctSvcrRef>F001240220233765503</AcctSvcrRef><EndToEndId>/VS320/SS/KS</EndToEndId></Refs><BkTxCd><Prtry><Cd>10000403000</Cd><Issr>SBA</Issr></Prtry></BkTxCd><RltdPties><DbtrAcct><Id><IBAN>SK2102000000001754701051</IBAN></Id><Nm>Marian Malisek</Nm></DbtrAcct><CdtrAcct><Id><IBAN>SK8809000000005149764503</IBAN></Id><Nm>Papezske misijne diela</Nm></CdtrAcct></RltdPties><RltdAgts><DbtrAgt><FinInstnId><BIC>SUBASKBX</BIC></FinInstnId></DbtrAgt><CdtrAgt><FinInstnId><BIC>GIBASKBX</BIC></FinInstnId></CdtrAgt></RltdAgts><RmtInf><Ustrd>/DO2023-02-23/SP Adopcia bohoslovcov Marian Malisek</Ustrd></RmtInf></TxDtls></NtryDtls></Ntry>
<Ntry><NtryRef>2305413600827620</NtryRef><Amt Ccy="EUR">5</Amt><CdtDbtInd>CRDT</CdtDbtInd><RvslInd>false</RvslInd><Sts>BOOK</Sts><BookgDt><Dt>2023-02-24</Dt></BookgDt><ValDt><Dt>2023-02-24</Dt></ValDt><BkTxCd><Prtry><Cd>10000403000</Cd><Issr>SBA</Issr></Prtry></BkTxCd><NtryDtls><TxDtls><Refs><MsgId>1362861-pacs.008-1</MsgId><AcctSvcrRef>F001240220233770285</AcctSvcrRef><EndToEndId>NOTPROVIDED</EndToEndId></Refs><BkTxCd><Prtry><Cd>10000403000</Cd><Issr>SBA</Issr></Prtry></BkTxCd><RltdPties><DbtrAcct><Id><IBAN>SK1202000000003360188856</IBAN></Id><Nm>Dana Brodnanova</Nm></DbtrAcct><CdtrAcct><Id><IBAN>SK8809000000005149764503</IBAN></Id><Nm>Papezske misijne diela</Nm></CdtrAcct></RltdPties><RltdAgts><DbtrAgt><FinInstnId><BIC>SUBASKBX</BIC></FinInstnId></DbtrAgt><CdtrAgt><FinInstnId><BIC>GIBASKBX</BIC></FinInstnId></CdtrAgt></RltdAgts><RmtInf><Ustrd>/DO2023-02-23/SP dana.brodnanova5gmail.com</Ustrd></RmtInf></TxDtls></NtryDtls></Ntry>
<Ntry><NtryRef>2305413600842978</NtryRef><Amt Ccy="EUR">50</Amt><CdtDbtInd>CRDT</CdtDbtInd><RvslInd>false</RvslInd><Sts>BOOK</Sts><BookgDt><Dt>2023-02-24</Dt></BookgDt><ValDt><Dt>2023-02-24</Dt></ValDt><BkTxCd><Prtry><Cd>10000403000</Cd><Issr>SBA</Issr></Prtry></BkTxCd><NtryDtls><TxDtls><Refs><MsgId>1362861-pacs.008-1</MsgId><AcctSvcrRef>F001240220233767668</AcctSvcrRef><EndToEndId>/VS77792358/SS/KS</EndToEndId></Refs><BkTxCd><Prtry><Cd>10000403000</Cd><Issr>SBA</Issr></Prtry></BkTxCd><RltdPties><DbtrAcct><Id><IBAN>SK3602000000002196303757</IBAN></Id><Nm>Veronika Micekova</Nm></DbtrAcct><CdtrAcct><Id><IBAN>SK8809000000005149764503</IBAN></Id><Nm>Papezske misijne diela</Nm></CdtrAcct></RltdPties><RltdAgts><DbtrAgt><FinInstnId><BIC>SUBASKBX</BIC></FinInstnId></DbtrAgt><CdtrAgt><FinInstnId><BIC>GIBASKBX</BIC></FinInstnId></CdtrAgt></RltdAgts><RmtInf><Ustrd>/DO2023-02-23/SP Anna Straniankova</Ustrd></RmtInf></TxDtls></NtryDtls></Ntry>
<Ntry><NtryRef>2305413600865263</NtryRef><Amt Ccy="EUR">10</Amt><CdtDbtInd>CRDT</CdtDbtInd><RvslInd>false</RvslInd><Sts>BOOK</Sts><BookgDt><Dt>2023-02-24</Dt></BookgDt><ValDt><Dt>2023-02-24</Dt></ValDt><BkTxCd><Prtry><Cd>10000403000</Cd><Issr>SBA</Issr></Prtry></BkTxCd><NtryDtls><TxDtls><Refs><MsgId>1362861-pacs.008-1</MsgId><AcctSvcrRef>F001240220233768178</AcctSvcrRef><EndToEndId>/VS200/SS/KS</EndToEndId></Refs><BkTxCd><Prtry><Cd>10000403000</Cd><Issr>SBA</Issr></Prtry></BkTxCd><RltdPties><DbtrAcct><Id><IBAN>SK7002000000003134089251</IBAN></Id><Nm>Tomas Zacok</Nm></DbtrAcct><CdtrAcct><Id><IBAN>SK8809000000005149764503</IBAN></Id><Nm>Papezske misijne diela</Nm></CdtrAcct></RltdPties><RltdAgts><DbtrAgt><FinInstnId><BIC>SUBASKBX</BIC></FinInstnId></DbtrAgt><CdtrAgt><FinInstnId><BIC>GIBASKBX</BIC></FinInstnId></CdtrAgt></RltdAgts><RmtInf><Ustrd>/DO2023-02-23/SP</Ustrd></RmtInf></TxDtls></NtryDtls></Ntry>
<Ntry><NtryRef>2305413600864846</NtryRef><Amt Ccy="EUR">10</Amt><CdtDbtInd>CRDT</CdtDbtInd><RvslInd>false</RvslInd><Sts>BOOK</Sts><BookgDt><Dt>2023-02-24</Dt></BookgDt><ValDt><Dt>2023-02-24</Dt></ValDt><BkTxCd><Prtry><Cd>10000403000</Cd><Issr>SBA</Issr></Prtry></BkTxCd><NtryDtls><TxDtls><Refs><MsgId>1362861-pacs.008-1</MsgId><AcctSvcrRef>F001240220233770182</AcctSvcrRef><EndToEndId>/VS100/SS/KS</EndToEndId></Refs><BkTxCd><Prtry><Cd>10000403000</Cd><Issr>SBA</Issr></Prtry></BkTxCd><RltdPties><DbtrAcct><Id><IBAN>SK7002000000003134089251</IBAN></Id><Nm>Tomas Zacok</Nm></DbtrAcct><CdtrAcct><Id><IBAN>SK8809000000005149764503</IBAN></Id><Nm>Papezske misijne diela</Nm></CdtrAcct></RltdPties><RltdAgts><DbtrAgt><FinInstnId><BIC>SUBASKBX</BIC></FinInstnId></DbtrAgt><CdtrAgt><FinInstnId><BIC>GIBASKBX</BIC></FinInstnId></CdtrAgt></RltdAgts><RmtInf><Ustrd>/DO2023-02-23/SP</Ustrd></RmtInf></TxDtls></NtryDtls></Ntry>
<Ntry><NtryRef>2305413600865656</NtryRef><Amt Ccy="EUR">10</Amt><CdtDbtInd>CRDT</CdtDbtInd><RvslInd>false</RvslInd><Sts>BOOK</Sts><BookgDt><Dt>2023-02-24</Dt></BookgDt><ValDt><Dt>2023-02-24</Dt></ValDt><BkTxCd><Prtry><Cd>10000403000</Cd><Issr>SBA</Issr></Prtry></BkTxCd><NtryDtls><TxDtls><Refs><MsgId>1362861-pacs.008-1</MsgId><AcctSvcrRef>F001240220233770352</AcctSvcrRef><EndToEndId>/VS300/SS/KS</EndToEndId></Refs><BkTxCd><Prtry><Cd>10000403000</Cd><Issr>SBA</Issr></Prtry></BkTxCd><RltdPties><DbtrAcct><Id><IBAN>SK7002000000003134089251</IBAN></Id><Nm>Tomas Zacok</Nm></DbtrAcct><CdtrAcct><Id><IBAN>SK8809000000005149764503</IBAN></Id><Nm>Papezske misijne diela</Nm></CdtrAcct></RltdPties><RltdAgts><DbtrAgt><FinInstnId><BIC>SUBASKBX</BIC></FinInstnId></DbtrAgt><CdtrAgt><FinInstnId><BIC>GIBASKBX</BIC></FinInstnId></CdtrAgt></RltdAgts><RmtInf><Ustrd>/DO2023-02-23/SP</Ustrd></RmtInf></TxDtls></NtryDtls></Ntry>
<Ntry><NtryRef>BNK23054CCKJHHFL</NtryRef><Amt Ccy="EUR">100</Amt><CdtDbtInd>CRDT</CdtDbtInd><RvslInd>false</RvslInd><Sts>BOOK</Sts><BookgDt><Dt>2023-02-24</Dt></BookgDt><ValDt><Dt>2023-02-24</Dt></ValDt><BkTxCd><Prtry><Cd>10000403000</Cd><Issr>SBA</Issr></Prtry></BkTxCd><NtryDtls><TxDtls><Refs><MsgId>1362861-pacs.008-1</MsgId><AcctSvcrRef>F001240220233769429</AcctSvcrRef><EndToEndId>NOTPROVIDED</EndToEndId></Refs><BkTxCd><Prtry><Cd>10000403000</Cd><Issr>SBA</Issr></Prtry></BkTxCd><RltdPties><DbtrAcct><Id><IBAN>SK4975003000030000746267</IBAN></Id><Nm>MUDr. Karol Schmidt</Nm></DbtrAcct><CdtrAcct><Id><IBAN>SK8809000000005149764503</IBAN></Id><Nm>Papezske misijne diela</Nm></CdtrAcct></RltdPties><RltdAgts><DbtrAgt><FinInstnId><BIC>CEKOSKBX</BIC></FinInstnId></DbtrAgt><CdtrAgt><FinInstnId><BIC>GIBASKBX</BIC></FinInstnId></CdtrAgt></RltdAgts><RmtInf><Ustrd>/DO2023-02-23/SP</Ustrd></RmtInf></TxDtls></NtryDtls></Ntry>
<Ntry><NtryRef>20230223-PRSCT00057762</NtryRef><Amt Ccy="EUR">220</Amt><CdtDbtInd>CRDT</CdtDbtInd><RvslInd>false</RvslInd><Sts>BOOK</Sts><BookgDt><Dt>2023-02-24</Dt></BookgDt><ValDt><Dt>2023-02-24</Dt></ValDt><BkTxCd><Prtry><Cd>10000403000</Cd><Issr>SBA</Issr></Prtry></BkTxCd><NtryDtls><TxDtls><Refs><MsgId>1362861-pacs.008-1</MsgId><AcctSvcrRef>F001240220233771253</AcctSvcrRef><EndToEndId>/VS77792357/SS/KS</EndToEndId></Refs><BkTxCd><Prtry><Cd>10000403000</Cd><Issr>SBA</Issr></Prtry></BkTxCd><RltdPties><DbtrAcct><Id><IBAN>SK7975000000004022665642</IBAN></Id><Nm>URBANIK MIROSLAV</Nm></DbtrAcct><CdtrAcct><Id><IBAN>SK8809000000005149764503</IBAN></Id><Nm>Papezske misijne diela</Nm></CdtrAcct></RltdPties><RltdAgts><DbtrAgt><FinInstnId><BIC>CEKOSKBX</BIC></FinInstnId></DbtrAgt><CdtrAgt><FinInstnId><BIC>GIBASKBX</BIC></FinInstnId></CdtrAgt></RltdAgts><RmtInf><Ustrd>/DO2023-02-23/SP</Ustrd></RmtInf></TxDtls></NtryDtls></Ntry>
<Ntry><NtryRef>FSY0013784352</NtryRef><Amt Ccy="EUR">45</Amt><CdtDbtInd>CRDT</CdtDbtInd><RvslInd>false</RvslInd><Sts>BOOK</Sts><BookgDt><Dt>2023-02-24</Dt></BookgDt><ValDt><Dt>2023-02-24</Dt></ValDt><BkTxCd><Prtry><Cd>10000403000</Cd><Issr>SBA</Issr></Prtry></BkTxCd><NtryDtls><TxDtls><Refs><AcctSvcrRef>F001240220233784353</AcctSvcrRef><EndToEndId>/VS77776555/SS/KS</EndToEndId></Refs><BkTxCd><Prtry><Cd>10000403000</Cd><Issr>SBA</Issr></Prtry></BkTxCd><RltdPties><DbtrAcct><Id><IBAN>SK2409000000000019005848</IBAN></Id><Nm>CREPOVA MARIA</Nm></DbtrAcct><CdtrAcct><Id><IBAN>SK8809000000005149764503</IBAN></Id><Nm>Papezske misijne diela</Nm></CdtrAcct></RltdPties><RltdAgts><DbtrAgt><FinInstnId><BIC>GIBASKBX</BIC></FinInstnId></DbtrAgt><CdtrAgt><FinInstnId><BIC>GIBASKBX</BIC></FinInstnId></CdtrAgt></RltdAgts><RmtInf><Ustrd>Milodar na novenu 9 svatych omsi: za zomrelych: Lukac, rodicia a stari rodicia, silharova@gmail.com</Ustrd></RmtInf></TxDtls></NtryDtls></Ntry>
<Ntry><NtryRef>FSY0013790825</NtryRef><Amt Ccy="EUR">45</Amt><CdtDbtInd>CRDT</CdtDbtInd><RvslInd>false</RvslInd><Sts>BOOK</Sts><BookgDt><Dt>2023-02-24</Dt></BookgDt><ValDt><Dt>2023-02-24</Dt></ValDt><BkTxCd><Prtry><Cd>10000403000</Cd><Issr>SBA</Issr></Prtry></BkTxCd><NtryDtls><TxDtls><Refs><AcctSvcrRef>F001240220233790827</AcctSvcrRef><EndToEndId>/VS77776555/SS/KS</EndToEndId></Refs><BkTxCd><Prtry><Cd>10000403000</Cd><Issr>SBA</Issr></Prtry></BkTxCd><RltdPties><DbtrAcct><Id><IBAN>SK2409000000000019005848</IBAN></Id><Nm>CREPOVA MARIA</Nm></DbtrAcct><CdtrAcct><Id><IBAN>SK8809000000005149764503</IBAN></Id><Nm>Papezske misijne diela</Nm></CdtrAcct></RltdPties><RltdAgts><DbtrAgt><FinInstnId><BIC>GIBASKBX</BIC></FinInstnId></DbtrAgt><CdtrAgt><FinInstnId><BIC>GIBASKBX</BIC></FinInstnId></CdtrAgt></RltdAgts><RmtInf><Ustrd>Milodar na novenu 9 svatych omsi: prosba o Bozie milosrdenstvo pre tazko choru mamu Helenu, silharova@gmail.com</Ustrd></RmtInf></TxDtls></NtryDtls></Ntry>
<Ntry><NtryRef>6161-20230223-967058859</NtryRef><Amt Ccy="EUR">55</Amt><CdtDbtInd>CRDT</CdtDbtInd><RvslInd>false</RvslInd><Sts>BOOK</Sts><BookgDt><Dt>2023-02-24</Dt></BookgDt><ValDt><Dt>2023-02-24</Dt></ValDt><BkTxCd><Prtry><Cd>10000403000</Cd><Issr>SBA</Issr></Prtry></BkTxCd><NtryDtls><TxDtls><Refs><MsgId>1362869-pacs.008-1</MsgId><AcctSvcrRef>F001240220233786717</AcctSvcrRef><EndToEndId>/VS77792356/SS/KS</EndToEndId></Refs><BkTxCd><Prtry><Cd>10000403000</Cd><Issr>SBA</Issr></Prtry></BkTxCd><RltdPties><DbtrAcct><Id><IBAN>SK9465000000003650611122</IBAN></Id><Nm>Demcak Jakub</Nm></DbtrAcct><CdtrAcct><Id><IBAN>SK8809000000005149764503</IBAN></Id><Nm>Papezske misijne diela</Nm></CdtrAcct></RltdPties><RltdAgts><DbtrAgt><FinInstnId><BIC>POBNSKBA</BIC></FinInstnId></DbtrAgt><CdtrAgt><FinInstnId><BIC>GIBASKBX</BIC></FinInstnId></CdtrAgt></RltdAgts><RmtInf><Ustrd>/DO2023-02-23/SP</Ustrd></RmtInf></TxDtls></NtryDtls></Ntry>
<Ntry><NtryRef>01000003294754478</NtryRef><Amt Ccy="EUR">20</Amt><CdtDbtInd>CRDT</CdtDbtInd><RvslInd>false</RvslInd><Sts>BOOK</Sts><BookgDt><Dt>2023-02-24</Dt></BookgDt><ValDt><Dt>2023-02-24</Dt></ValDt><BkTxCd><Prtry><Cd>10000403000</Cd><Issr>SBA</Issr></Prtry></BkTxCd><NtryDtls><TxDtls><Refs><MsgId>1362869-pacs.008-1</MsgId><AcctSvcrRef>F001240220233789599</AcctSvcrRef><InstrId>01000003294754478</InstrId><EndToEndId>/VS0000000333/SS/KS</EndToEndId></Refs><BkTxCd><Prtry><Cd>10000403000</Cd><Issr>SBA</Issr></Prtry></BkTxCd><RltdPties><DbtrAcct><Id><IBAN>SK7383605207004202219180</IBAN></Id><Nm>NATALIA FERENCOVA</Nm></DbtrAcct><CdtrAcct><Id><IBAN>SK8809000000005149764503</IBAN></Id><Nm>Papezske misijne diela</Nm></CdtrAcct></RltdPties><RltdAgts><DbtrAgt><FinInstnId><BIC>BREXSKBX</BIC></FinInstnId></DbtrAgt><CdtrAgt><FinInstnId><BIC>GIBASKBX</BIC></FinInstnId></CdtrAgt></RltdAgts><RmtInf><Ustrd>/DO2023-02-23/SPPREVOD PROSTRIEDKOV</Ustrd></RmtInf></TxDtls></NtryDtls></Ntry>
<Ntry><NtryRef>01000003295378087</NtryRef><Amt Ccy="EUR">10</Amt><CdtDbtInd>CRDT</CdtDbtInd><RvslInd>false</RvslInd><Sts>BOOK</Sts><BookgDt><Dt>2023-02-24</Dt></BookgDt><ValDt><Dt>2023-02-24</Dt></ValDt><BkTxCd><Prtry><Cd>10000403000</Cd><Issr>SBA</Issr></Prtry></BkTxCd><NtryDtls><TxDtls><Refs><MsgId>1362869-pacs.008-1</MsgId><AcctSvcrRef>F001240220233786855</AcctSvcrRef><InstrId>01000003295378087</InstrId><EndToEndId>NOTPROVIDED</EndToEndId></Refs><BkTxCd><Prtry><Cd>10000403000</Cd><Issr>SBA</Issr></Prtry></BkTxCd><RltdPties><DbtrAcct><Id><IBAN>SK1583605207004202829966</IBAN></Id><Nm>MICHAL BUGOS</Nm></DbtrAcct><CdtrAcct><Id><IBAN>SK8809000000005149764503</IBAN></Id><Nm>Papezske misijne diela</Nm></CdtrAcct></RltdPties><RltdAgts><DbtrAgt><FinInstnId><BIC>BREXSKBX</BIC></FinInstnId></DbtrAgt><CdtrAgt><FinInstnId><BIC>GIBASKBX</BIC></FinInstnId></CdtrAgt></RltdAgts><RmtInf><Ustrd>/DO2023-02-24/SPPRAVIDELNY DAR MICHAL BUGOS</Ustrd></RmtInf></TxDtls></NtryDtls></Ntry>
<Ntry><NtryRef>01000003295381028</NtryRef><Amt Ccy="EUR">15</Amt><CdtDbtInd>CRDT</CdtDbtInd><RvslInd>false</RvslInd><Sts>BOOK</Sts><BookgDt><Dt>2023-02-24</Dt></BookgDt><ValDt><Dt>2023-02-24</Dt></ValDt><BkTxCd><Prtry><Cd>10000403000</Cd><Issr>SBA</Issr></Prtry></BkTxCd><NtryDtls><TxDtls><Refs><MsgId>1362869-pacs.008-1</MsgId><AcctSvcrRef>F001240220233787314</AcctSvcrRef><InstrId>01000003295381028</InstrId><EndToEndId>/VS0000000333/SS/KS</EndToEndId></Refs><BkTxCd><Prtry><Cd>10000403000</Cd><Issr>SBA</Issr></Prtry></BkTxCd><RltdPties><DbtrAcct><Id><IBAN>SK6483605207004203314278</IBAN></Id><Nm>MARIA SIMKOVA</Nm></DbtrAcct><CdtrAcct><Id><IBAN>SK8809000000005149764503</IBAN></Id><Nm>Papezske misijne diela</Nm></CdtrAcct></RltdPties><RltdAgts><DbtrAgt><FinInstnId><BIC>BREXSKBX</BIC></FinInstnId></DbtrAgt><CdtrAgt><FinInstnId><BIC>GIBASKBX</BIC></FinInstnId></CdtrAgt></RltdAgts><RmtInf><Ustrd>/DO2023-02-24/SPNIC MI NEPOSIELAJTE</Ustrd></RmtInf></TxDtls></NtryDtls></Ntry>
<Ntry><NtryRef>01000003295382816</NtryRef><Amt Ccy="EUR">10</Amt><CdtDbtInd>CRDT</CdtDbtInd><RvslInd>false</RvslInd><Sts>BOOK</Sts><BookgDt><Dt>2023-02-24</Dt></BookgDt><ValDt><Dt>2023-02-24</Dt></ValDt><BkTxCd><Prtry><Cd>10000403000</Cd><Issr>SBA</Issr></Prtry></BkTxCd><NtryDtls><TxDtls><Refs><MsgId>1362869-pacs.008-1</MsgId><AcctSvcrRef>F001240220233789480</AcctSvcrRef><InstrId>01000003295382816</InstrId><EndToEndId>/VS0000000300/SS/KS</EndToEndId></Refs><BkTxCd><Prtry><Cd>10000403000</Cd><Issr>SBA</Issr></Prtry></BkTxCd><RltdPties><DbtrAcct><Id><IBAN>SK9183605207004204641043</IBAN></Id><Nm>DANA STOLARIKOVA</Nm></DbtrAcct><CdtrAcct><Id><IBAN>SK8809000000005149764503</IBAN></Id><Nm>Papezske misijne diela</Nm></CdtrAcct></RltdPties><RltdAgts><DbtrAgt><FinInstnId><BIC>BREXSKBX</BIC></FinInstnId></DbtrAgt><CdtrAgt><FinInstnId><BIC>GIBASKBX</BIC></FinInstnId></CdtrAgt></RltdAgts><RmtInf><Ustrd>/DO2023-02-24/SPDANA.STOLARIK-GMAIL.COM</Ustrd></RmtInf></TxDtls></NtryDtls></Ntry>
<Ntry><NtryRef>01000003294831384</NtryRef><Amt Ccy="EUR">5</Amt><CdtDbtInd>CRDT</CdtDbtInd><RvslInd>false</RvslInd><Sts>BOOK</Sts><BookgDt><Dt>2023-02-24</Dt></BookgDt><ValDt><Dt>2023-02-24</Dt></ValDt><BkTxCd><Prtry><Cd>10000403000</Cd><Issr>SBA</Issr></Prtry></BkTxCd><NtryDtls><TxDtls><Refs><MsgId>1362869-pacs.008-1</MsgId><AcctSvcrRef>F001240220233789553</AcctSvcrRef><InstrId>01000003294831384</InstrId><EndToEndId>/VS0088892344/SS/KS</EndToEndId></Refs><BkTxCd><Prtry><Cd>10000403000</Cd><Issr>SBA</Issr></Prtry></BkTxCd><RltdPties><DbtrAcct><Id><IBAN>SK8083605207004204601762</IBAN></Id><Nm>JULIA VIKTOROVA</Nm></DbtrAcct><CdtrAcct><Id><IBAN>SK8809000000005149764503</IBAN></Id><Nm>Papezske misijne diela</Nm></CdtrAcct></RltdPties><RltdAgts><DbtrAgt><FinInstnId><BIC>BREXSKBX</BIC></FinInstnId></DbtrAgt><CdtrAgt><FinInstnId><BIC>GIBASKBX</BIC></FinInstnId></CdtrAgt></RltdAgts><RmtInf><Ustrd>/DO2023-02-23/SPPLATBA</Ustrd></RmtInf></TxDtls></NtryDtls></Ntry>
<Ntry><NtryRef>01000003295380431</NtryRef><Amt Ccy="EUR">50</Amt><CdtDbtInd>CRDT</CdtDbtInd><RvslInd>false</RvslInd><Sts>BOOK</Sts><BookgDt><Dt>2023-02-24</Dt></BookgDt><ValDt><Dt>2023-02-24</Dt></ValDt><BkTxCd><Prtry><Cd>10000403000</Cd><Issr>SBA</Issr></Prtry></BkTxCd><NtryDtls><TxDtls><Refs><MsgId>1362869-pacs.008-1</MsgId><AcctSvcrRef>F001240220233785780</AcctSvcrRef><InstrId>01000003295380431</InstrId><EndToEndId>/VS0000000320/SS/KS</EndToEndId></Refs><BkTxCd><Prtry><Cd>10000403000</Cd><Issr>SBA</Issr></Prtry></BkTxCd><RltdPties><DbtrAcct><Id><IBAN>SK9283605207004206358313</IBAN></Id><Nm>MARTIN CICO</Nm></DbtrAcct><CdtrAcct><Id><IBAN>SK8809000000005149764503</IBAN></Id><Nm>Papezske misijne diela</Nm></CdtrAcct></RltdPties><RltdAgts><DbtrAgt><FinInstnId><BIC>BREXSKBX</BIC></FinInstnId></DbtrAgt><CdtrAgt><FinInstnId><BIC>GIBASKBX</BIC></FinInstnId></CdtrAgt></RltdAgts><RmtInf><Ustrd>/DO2023-02-24/SPM. CICO, RADAROVA 10, BRATISLAVA</Ustrd></RmtInf></TxDtls></NtryDtls></Ntry>
<Ntry><NtryRef>01000003295384009</NtryRef><Amt Ccy="EUR">50</Amt><CdtDbtInd>CRDT</CdtDbtInd><RvslInd>false</RvslInd><Sts>BOOK</Sts><BookgDt><Dt>2023-02-24</Dt></BookgDt><ValDt><Dt>2023-02-24</Dt></ValDt><BkTxCd><Prtry><Cd>10000403000</Cd><Issr>SBA</Issr></Prtry></BkTxCd><NtryDtls><TxDtls><Refs><MsgId>1362869-pacs.008-1</MsgId><AcctSvcrRef>F001240220233788375</AcctSvcrRef><InstrId>01000003295384009</InstrId><EndToEndId>/VS0000000320/SS/KS</EndToEndId></Refs><BkTxCd><Prtry><Cd>10000403000</Cd><Issr>SBA</Issr></Prtry></BkTxCd><RltdPties><DbtrAcct><Id><IBAN>SK8983605207004207755070</IBAN></Id><Nm>MICHAL PIDIK</Nm></DbtrAcct><CdtrAcct><Id><IBAN>SK8809000000005149764503</IBAN></Id><Nm>Papezske misijne diela</Nm></CdtrAcct></RltdPties><RltdAgts><DbtrAgt><FinInstnId><BIC>BREXSKBX</BIC></FinInstnId></DbtrAgt><CdtrAgt><FinInstnId><BIC>GIBASKBX</BIC></FinInstnId></CdtrAgt></RltdAgts><RmtInf><Ustrd>/DO2023-02-24/SPMICHAL PIDIK</Ustrd></RmtInf></TxDtls></NtryDtls></Ntry>
<Ntry><NtryRef>01000003295381661</NtryRef><Amt Ccy="EUR">50</Amt><CdtDbtInd>CRDT</CdtDbtInd><RvslInd>false</RvslInd><Sts>BOOK</Sts><BookgDt><Dt>2023-02-24</Dt></BookgDt><ValDt><Dt>2023-02-24</Dt></ValDt><BkTxCd><Prtry><Cd>10000403000</Cd><Issr>SBA</Issr></Prtry></BkTxCd><NtryDtls><TxDtls><Refs><MsgId>1362869-pacs.008-1</MsgId><AcctSvcrRef>F001240220233788786</AcctSvcrRef><InstrId>01000003295381661</InstrId><EndToEndId>/VS0000000320/SS/KS</EndToEndId></Refs><BkTxCd><Prtry><Cd>10000403000</Cd><Issr>SBA</Issr></Prtry></BkTxCd><RltdPties><DbtrAcct><Id><IBAN>SK3283605207004200245289</IBAN></Id><Nm>MILAN URBAN</Nm></DbtrAcct><CdtrAcct><Id><IBAN>SK8809000000005149764503</IBAN></Id><Nm>Papezske misijne diela</Nm></CdtrAcct></RltdPties><RltdAgts><DbtrAgt><FinInstnId><BIC>BREXSKBX</BIC></FinInstnId></DbtrAgt><CdtrAgt><FinInstnId><BIC>GIBASKBX</BIC></FinInstnId></CdtrAgt></RltdAgts><RmtInf><Ustrd>/DO2023-02-24/SPMILAN URBAN CHRIST ANDEA</Ustrd></RmtInf></TxDtls></NtryDtls></Ntry>
<Ntry><NtryRef>01000003295383860</NtryRef><Amt Ccy="EUR">20</Amt><CdtDbtInd>CRDT</CdtDbtInd><RvslInd>false</RvslInd><Sts>BOOK</Sts><BookgDt><Dt>2023-02-24</Dt></BookgDt><ValDt><Dt>2023-02-24</Dt></ValDt><BkTxCd><Prtry><Cd>10000403000</Cd><Issr>SBA</Issr></Prtry></BkTxCd><NtryDtls><TxDtls><Refs><MsgId>1362869-pacs.008-1</MsgId><AcctSvcrRef>F001240220233788862</AcctSvcrRef><InstrId>01000003295383860</InstrId><EndToEndId>/VS0000007171/SS/KS0558</EndToEndId></Refs><BkTxCd><Prtry><Cd>10000403000</Cd><Issr>SBA</Issr></Prtry></BkTxCd><RltdPties><DbtrAcct><Id><IBAN>SK9883605207004200319858</IBAN></Id><Nm>PAVOL GONO</Nm></DbtrAcct><CdtrAcct><Id><IBAN>SK8809000000005149764503</IBAN></Id><Nm>Papezske misijne diela</Nm></CdtrAcct></RltdPties><RltdAgts><DbtrAgt><FinInstnId><BIC>BREXSKBX</BIC></FinInstnId></DbtrAgt><CdtrAgt><FinInstnId><BIC>GIBASKBX</BIC></FinInstnId></CdtrAgt></RltdAgts><RmtInf><Ustrd>/DO2023-02-24/SPMISIJNY SAMARITAN</Ustrd></RmtInf></TxDtls></NtryDtls></Ntry>
<Ntry><NtryRef>2023-02-23/O:5NYMPC</NtryRef><Amt Ccy="EUR">30</Amt><CdtDbtInd>CRDT</CdtDbtInd><RvslInd>false</RvslInd><Sts>BOOK</Sts><BookgDt><Dt>2023-02-24</Dt></BookgDt><ValDt><Dt>2023-02-24</Dt></ValDt><BkTxCd><Prtry><Cd>10000403000</Cd><Issr>SBA</Issr></Prtry></BkTxCd><NtryDtls><TxDtls><Refs><MsgId>1362856-pacs.008-1</MsgId><AcctSvcrRef>F001240220233793384</AcctSvcrRef><EndToEndId>/VS022023/SS/KS</EndToEndId></Refs><BkTxCd><Prtry><Cd>10000403000</Cd><Issr>SBA</Issr></Prtry></BkTxCd><RltdPties><Dbtr><Id><PrvtId><Othr><Id>868445</Id><Issr>MG355360</Issr></Othr></PrvtId></Id></Dbtr><DbtrAcct><Id><IBAN>SK4356000000008684455001</IBAN></Id><Nm>KRALOVA ANNA</Nm></DbtrAcct><CdtrAcct><Id><IBAN>SK8809000000005149764503</IBAN></Id><Nm>Papezske misijne diela</Nm></CdtrAcct></RltdPties><RltdAgts><DbtrAgt><FinInstnId><BIC>KOMASK2X</BIC></FinInstnId></DbtrAgt><CdtrAgt><FinInstnId><BIC>GIBASKBX</BIC></FinInstnId></CdtrAgt></RltdAgts><RmtInf><Ustrd>/DO2023-02-23/SP</Ustrd></RmtInf></TxDtls></NtryDtls></Ntry>
<Ntry><NtryRef>2023-02-23/O:5NZZVF</NtryRef><Amt Ccy="EUR">20</Amt><CdtDbtInd>CRDT</CdtDbtInd><RvslInd>false</RvslInd><Sts>BOOK</Sts><BookgDt><Dt>2023-02-24</Dt></BookgDt><ValDt><Dt>2023-02-24</Dt></ValDt><BkTxCd><Prtry><Cd>10000403000</Cd><Issr>SBA</Issr></Prtry></BkTxCd><NtryDtls><TxDtls><Refs><MsgId>1362856-pacs.008-1</MsgId><AcctSvcrRef>F001240220233792955</AcctSvcrRef><EndToEndId>NOTPROVIDED</EndToEndId></Refs><BkTxCd><Prtry><Cd>10000403000</Cd><Issr>SBA</Issr></Prtry></BkTxCd><RltdPties><Dbtr><Id><PrvtId><Othr><Id>943646</Id><Issr>MH656701</Issr></Othr></PrvtId></Id></Dbtr><DbtrAcct><Id><IBAN>SK0356000000009436465002</IBAN></Id><Nm>SPANIKOVA KATARINA</Nm></DbtrAcct><CdtrAcct><Id><IBAN>SK8809000000005149764503</IBAN></Id><Nm>Papezske misijne diela</Nm></CdtrAcct></RltdPties><RltdAgts><DbtrAgt><FinInstnId><BIC>KOMASK2X</BIC></FinInstnId></DbtrAgt><CdtrAgt><FinInstnId><BIC>GIBASKBX</BIC></FinInstnId></CdtrAgt></RltdAgts><RmtInf><Ustrd>/DO2023-02-23/SPkatarinaklus</Ustrd></RmtInf></TxDtls></NtryDtls></Ntry>
<Ntry><NtryRef>2023-02-23/O:5O0GEG</NtryRef><Amt Ccy="EUR">155</Amt><CdtDbtInd>CRDT</CdtDbtInd><RvslInd>false</RvslInd><Sts>BOOK</Sts><BookgDt><Dt>2023-02-24</Dt></BookgDt><ValDt><Dt>2023-02-24</Dt></ValDt><BkTxCd><Prtry><Cd>10000403000</Cd><Issr>SBA</Issr></Prtry></BkTxCd><NtryDtls><TxDtls><Refs><MsgId>1362856-pacs.008-1</MsgId><AcctSvcrRef>F001240220233793885</AcctSvcrRef><EndToEndId>/VS77792351/SS77792351/KS558</EndToEndId></Refs><BkTxCd><Prtry><Cd>10000403000</Cd><Issr>SBA</Issr></Prtry></BkTxCd><RltdPties><Dbtr><Id><PrvtId><Othr><Id>752270</Id><Issr>EP858961</Issr></Othr></PrvtId></Id></Dbtr><DbtrAcct><Id><IBAN>SK8156000000007522702001</IBAN></Id><Nm>KAVULICOVA VERONIKA</Nm></DbtrAcct><CdtrAcct><Id><IBAN>SK8809000000005149764503</IBAN></Id><Nm>Papezske misijne diela</Nm></CdtrAcct></RltdPties><RltdAgts><DbtrAgt><FinInstnId><BIC>KOMASK2X</BIC></FinInstnId></DbtrAgt><CdtrAgt><FinInstnId><BIC>GIBASKBX</BIC></FinInstnId></CdtrAgt></RltdAgts><RmtInf><Ustrd>/DO2023-02-23/SPVeronika Kavulicova, 05201 SNV</Ustrd></RmtInf></TxDtls></NtryDtls></Ntry>
<Ntry><NtryRef>8482-20230224-967164671</NtryRef><Amt Ccy="EUR">10</Amt><CdtDbtInd>CRDT</CdtDbtInd><RvslInd>false</RvslInd><Sts>BOOK</Sts><BookgDt><Dt>2023-02-24</Dt></BookgDt><ValDt><Dt>2023-02-24</Dt></ValDt><BkTxCd><Prtry><Cd>10000403000</Cd><Issr>SBA</Issr></Prtry></BkTxCd><NtryDtls><TxDtls><Refs><MsgId>1362863-pacs.008-1</MsgId><AcctSvcrRef>F001240220233807578</AcctSvcrRef><EndToEndId>/VS0000007171/SS0000000000/KS0558</EndToEndId></Refs><BkTxCd><Prtry><Cd>10000403000</Cd><Issr>SBA</Issr></Prtry></BkTxCd><RltdPties><DbtrAcct><Id><IBAN>SK6365000000000091733575</IBAN></Id><Nm>Zubkova Maria</Nm></DbtrAcct><CdtrAcct><Id><IBAN>SK8809000000005149764503</IBAN></Id><Nm>Papezske misijne diela</Nm></CdtrAcct></RltdPties><RltdAgts><DbtrAgt><FinInstnId><BIC>POBNSKBA</BIC></FinInstnId></DbtrAgt><CdtrAgt><FinInstnId><BIC>GIBASKBX</BIC></FinInstnId></CdtrAgt></RltdAgts><RmtInf><Ustrd>/DO2023-02-24/SPmisijny samaritan - dar pre deti</Ustrd></RmtInf></TxDtls></NtryDtls></Ntry>
<Ntry><NtryRef>8961-20230224-967165547</NtryRef><Amt Ccy="EUR">50</Amt><CdtDbtInd>CRDT</CdtDbtInd><RvslInd>false</RvslInd><Sts>BOOK</Sts><BookgDt><Dt>2023-02-24</Dt></BookgDt><ValDt><Dt>2023-02-24</Dt></ValDt><BkTxCd><Prtry><Cd>10000403000</Cd><Issr>SBA</Issr></Prtry></BkTxCd><NtryDtls><TxDtls><Refs><MsgId>1362863-pacs.008-1</MsgId><AcctSvcrRef>F001240220233803364</AcctSvcrRef><EndToEndId>/VS0000000320/SS/KS</EndToEndId></Refs><BkTxCd><Prtry><Cd>10000403000</Cd><Issr>SBA</Issr></Prtry></BkTxCd><RltdPties><DbtrAcct><Id><IBAN>SK8965000000000092538595</IBAN></Id><Nm>Kovacova Viera</Nm></DbtrAcct><CdtrAcct><Id><IBAN>SK8809000000005149764503</IBAN></Id><Nm>Papezske misijne diela</Nm></CdtrAcct></RltdPties><RltdAgts><DbtrAgt><FinInstnId><BIC>POBNSKBA</BIC></FinInstnId></DbtrAgt><CdtrAgt><FinInstnId><BIC>GIBASKBX</BIC></FinInstnId></CdtrAgt></RltdAgts><RmtInf><Ustrd>/DO2023-02-24/SPadopcia</Ustrd></RmtInf></TxDtls></NtryDtls></Ntry>
<Ntry><NtryRef>2023-02-23/O:5NYVI2</NtryRef><Amt Ccy="EUR">10</Amt><CdtDbtInd>CRDT</CdtDbtInd><RvslInd>false</RvslInd><Sts>BOOK</Sts><BookgDt><Dt>2023-02-24</Dt></BookgDt><ValDt><Dt>2023-02-24</Dt></ValDt><BkTxCd><Prtry><Cd>10000403000</Cd><Issr>SBA</Issr></Prtry></BkTxCd><NtryDtls><TxDtls><Refs><MsgId>1362851-pacs.008-1</MsgId><AcctSvcrRef>F001240220233813078</AcctSvcrRef><EndToEndId>/VS7171/SS/KS</EndToEndId></Refs><BkTxCd><Prtry><Cd>10000403000</Cd><Issr>SBA</Issr></Prtry></BkTxCd><RltdPties><Dbtr><Id><PrvtId><Othr><Id>273768</Id><Issr>EC438362</Issr></Othr></PrvtId></Id></Dbtr><DbtrAcct><Id><IBAN>SK3331000000003230894306</IBAN></Id><Nm>DZURJANINOVA BARBORA</Nm></DbtrAcct><CdtrAcct><Id><IBAN>SK8809000000005149764503</IBAN></Id><Nm>Papezske misijne diela</Nm></CdtrAcct></RltdPties><RltdAgts><DbtrAgt><FinInstnId><BIC>LUBASKBX</BIC></FinInstnId></DbtrAgt><CdtrAgt><FinInstnId><BIC>GIBASKBX</BIC></FinInstnId></CdtrAgt></RltdAgts><RmtInf><Ustrd>/DO2023-02-23/SP</Ustrd></RmtInf></TxDtls></NtryDtls></Ntry>
<Ntry><NtryRef>20230223-PRSCT00009960</NtryRef><Amt Ccy="EUR">15</Amt><CdtDbtInd>CRDT</CdtDbtInd><RvslInd>false</RvslInd><Sts>BOOK</Sts><BookgDt><Dt>2023-02-24</Dt></BookgDt><ValDt><Dt>2023-02-24</Dt></ValDt><BkTxCd><Prtry><Cd>10000403000</Cd><Issr>SBA</Issr></Prtry></BkTxCd><NtryDtls><TxDtls><Refs><MsgId>1362839-pacs.008-1</MsgId><AcctSvcrRef>F001240220233819449</AcctSvcrRef><EndToEndId>/VS777/SS/KS</EndToEndId></Refs><BkTxCd><Prtry><Cd>10000403000</Cd><Issr>SBA</Issr></Prtry></BkTxCd><RltdPties><DbtrAcct><Id><IBAN>SK9475000000004008437897</IBAN></Id><Nm>NAVRATILOVA EVA</Nm></DbtrAcct><CdtrAcct><Id><IBAN>SK8809000000005149764503</IBAN></Id><Nm>Papezske misijne diela</Nm></CdtrAcct></RltdPties><RltdAgts><DbtrAgt><FinInstnId><BIC>CEKOSKBX</BIC></FinInstnId></DbtrAgt><CdtrAgt><FinInstnId><BIC>GIBASKBX</BIC></FinInstnId></CdtrAgt></RltdAgts><RmtInf><Ustrd>/DO2023-02-23/SP3x sv.o. - navratilova.evka gmail.com</Ustrd></RmtInf></TxDtls></NtryDtls></Ntry>
<Ntry><NtryRef>20230223-PRSCT00014440</NtryRef><Amt Ccy="EUR">10</Amt><CdtDbtInd>CRDT</CdtDbtInd><RvslInd>false</RvslInd><Sts>BOOK</Sts><BookgDt><Dt>2023-02-24</Dt></BookgDt><ValDt><Dt>2023-02-24</Dt></ValDt><BkTxCd><Prtry><Cd>10000403000</Cd><Issr>SBA</Issr></Prtry></BkTxCd><NtryDtls><TxDtls><Refs><MsgId>1362845-pacs.008-1</MsgId><AcctSvcrRef>F001240220233823074</AcctSvcrRef><EndToEndId>/VS200/SS/KS</EndToEndId></Refs><BkTxCd><Prtry><Cd>10000403000</Cd><Issr>SBA</Issr></Prtry></BkTxCd><RltdPties><DbtrAcct><Id><IBAN>SK0875000000004025463624</IBAN></Id><Nm>MICKOVA ALENA</Nm></DbtrAcct><CdtrAcct><Id><IBAN>SK8809000000005149764503</IBAN></Id><Nm>Papezske misijne diela</Nm></CdtrAcct></RltdPties><RltdAgts><DbtrAgt><FinInstnId><BIC>CEKOSKBX</BIC></FinInstnId></DbtrAgt><CdtrAgt><FinInstnId><BIC>GIBASKBX</BIC></FinInstnId></CdtrAgt></RltdAgts><RmtInf><Ustrd>/DO2023-02-23/SPPomoc misiam</Ustrd></RmtInf></TxDtls></NtryDtls></Ntry>
<Ntry><NtryRef>20230223-PRSCT00015373</NtryRef><Amt Ccy="EUR">10</Amt><CdtDbtInd>CRDT</CdtDbtInd><RvslInd>false</RvslInd><Sts>BOOK</Sts><BookgDt><Dt>2023-02-24</Dt></BookgDt><ValDt><Dt>2023-02-24</Dt></ValDt><BkTxCd><Prtry><Cd>10000403000</Cd><Issr>SBA</Issr></Prtry></BkTxCd><NtryDtls><TxDtls><Refs><MsgId>1362845-pacs.008-1</MsgId><AcctSvcrRef>F001240220233823512</AcctSvcrRef><EndToEndId>/VS7171/SS/KS</EndToEndId></Refs><BkTxCd><Prtry><Cd>10000403000</Cd><Issr>SBA</Issr></Prtry></BkTxCd><RltdPties><DbtrAcct><Id><IBAN>SK2275000000004028176268</IBAN></Id><Nm>MELIS PAVOL</Nm></DbtrAcct><CdtrAcct><Id><IBAN>SK8809000000005149764503</IBAN></Id><Nm>Papezske misijne diela</Nm></CdtrAcct></RltdPties><RltdAgts><DbtrAgt><FinInstnId><BIC>CEKOSKBX</BIC></FinInstnId></DbtrAgt><CdtrAgt><FinInstnId><BIC>GIBASKBX</BIC></FinInstnId></CdtrAgt></RltdAgts><RmtInf><Ustrd>/DO2023-02-23/SPpavmelisgmailcom Pavol Melis</Ustrd></RmtInf></TxDtls></NtryDtls></Ntry>
<Ntry><NtryRef>20230223-PRSCT00022300</NtryRef><Amt Ccy="EUR">37</Amt><CdtDbtInd>CRDT</CdtDbtInd><RvslInd>false</RvslInd><Sts>BOOK</Sts><BookgDt><Dt>2023-02-24</Dt></BookgDt><ValDt><Dt>2023-02-24</Dt></ValDt><BkTxCd><Prtry><Cd>10000403000</Cd><Issr>SBA</Issr></Prtry></BkTxCd><NtryDtls><TxDtls><Refs><MsgId>1362845-pacs.008-1</MsgId><AcctSvcrRef>F001240220233824010</AcctSvcrRef><EndToEndId>/VS77792333/SS/KS</EndToEndId></Refs><BkTxCd><Prtry><Cd>10000403000</Cd><Issr>SBA</Issr></Prtry></BkTxCd><RltdPties><DbtrAcct><Id><IBAN>SK6175000000004028878622</IBAN></Id><Nm>GRENOVA KATARINA</Nm></DbtrAcct><CdtrAcct><Id><IBAN>SK8809000000005149764503</IBAN></Id><Nm>Papezske misijne diela</Nm></CdtrAcct></RltdPties><RltdAgts><DbtrAgt><FinInstnId><BIC>CEKOSKBX</BIC></FinInstnId></DbtrAgt><CdtrAgt><FinInstnId><BIC>GIBASKBX</BIC></FinInstnId></CdtrAgt></RltdAgts><RmtInf><Ustrd>/DO2023-02-23/SPMisijne diela - 7x omsa</Ustrd></RmtInf></TxDtls></NtryDtls></Ntry>
<Ntry><NtryRef>FSY0013831698</NtryRef><Amt Ccy="EUR">40</Amt><CdtDbtInd>CRDT</CdtDbtInd><RvslInd>false</RvslInd><Sts>BOOK</Sts><BookgDt><Dt>2023-02-24</Dt></BookgDt><ValDt><Dt>2023-02-24</Dt></ValDt><BkTxCd><Prtry><Cd>10000403000</Cd><Issr>SBA</Issr></Prtry></BkTxCd><NtryDtls><TxDtls><Refs><AcctSvcrRef>F001240220233831699</AcctSvcrRef><EndToEndId>/VS777/SS/KS</EndToEndId></Refs><BkTxCd><Prtry><Cd>10000403000</Cd><Issr>SBA</Issr></Prtry></BkTxCd><RltdPties><DbtrAcct><Id><IBAN>SK6009000000005027949497</IBAN></Id><Nm>Potocek Jozef</Nm></DbtrAcct><CdtrAcct><Id><IBAN>SK8809000000005149764503</IBAN></Id><Nm>Papezske misijne diela</Nm></CdtrAcct></RltdPties><RltdAgts><DbtrAgt><FinInstnId><BIC>GIBASKBX</BIC></FinInstnId></DbtrAgt><CdtrAgt><FinInstnId><BIC>GIBASKBX</BIC></FinInstnId></CdtrAgt></RltdAgts><RmtInf><Ustrd>Emilia a Jozef Potocek , Hlavna 131/146 , 06541 Lubotin. ,,DAR ZA SV. OMSE</Ustrd></RmtInf></TxDtls></NtryDtls></Ntry>
<Ntry><NtryRef>20230223-PRSCT00007025</NtryRef><Amt Ccy="EUR">50</Amt><CdtDbtInd>CRDT</CdtDbtInd><RvslInd>false</RvslInd><Sts>BOOK</Sts><BookgDt><Dt>2023-02-24</Dt></BookgDt><ValDt><Dt>2023-02-24</Dt></ValDt><BkTxCd><Prtry><Cd>10000403000</Cd><Issr>SBA</Issr></Prtry></BkTxCd><NtryDtls><TxDtls><Refs><MsgId>1362837-pacs.008-1</MsgId><AcctSvcrRef>F001240220233827249</AcctSvcrRef><EndToEndId>Skolne Spoloc. ODS-TN JUH VS 320</EndToEndId></Refs><BkTxCd><Prtry><Cd>10000403000</Cd><Issr>SBA</Issr></Prtry></BkTxCd><RltdPties><DbtrAcct><Id><IBAN>SK4775000000000711320473</IBAN></Id><Nm>JANIKOVA GABRIELA</Nm></DbtrAcct><CdtrAcct><Id><IBAN>SK8809000000005149764503</IBAN></Id><Nm>Papezske misijne diela</Nm></CdtrAcct></RltdPties><RltdAgts><DbtrAgt><FinInstnId><BIC>CEKOSKBX</BIC></FinInstnId></DbtrAgt><CdtrAgt><FinInstnId><BIC>GIBASKBX</BIC></FinInstnId></CdtrAgt></RltdAgts><RmtInf><Ustrd>/DO2023-02-23/SPJanikova v.z.Spolocenstvo ODS-TN JUH - skolne VS 320</Ustrd></RmtInf></TxDtls></NtryDtls></Ntry>
<Ntry><NtryRef>01000003294762167</NtryRef><Amt Ccy="EUR">10</Amt><CdtDbtInd>CRDT</CdtDbtInd><RvslInd>false</RvslInd><Sts>BOOK</Sts><BookgDt><Dt>2023-02-24</Dt></BookgDt><ValDt><Dt>2023-02-24</Dt></ValDt><BkTxCd><Prtry><Cd>10000403000</Cd><Issr>SBA</Issr></Prtry></BkTxCd><NtryDtls><TxDtls><Refs><MsgId>1362872-pacs.008-1</MsgId><AcctSvcrRef>F001240220233832860</AcctSvcrRef><InstrId>01000003294762167</InstrId><EndToEndId>/VS0088892334/SS/KS</EndToEndId></Refs><BkTxCd><Prtry><Cd>10000403000</Cd><Issr>SBA</Issr></Prtry></BkTxCd><RltdPties><DbtrAcct><Id><IBAN>SK3583605207004203983033</IBAN></Id><Nm>MARGITA MALIKOVA</Nm></DbtrAcct><CdtrAcct><Id><IBAN>SK8809000000005149764503</IBAN></Id><Nm>Papezske misijne diela</Nm></CdtrAcct></RltdPties><RltdAgts><DbtrAgt><FinInstnId><BIC>BREXSKBX</BIC></FinInstnId></DbtrAgt><CdtrAgt><FinInstnId><BIC>GIBASKBX</BIC></FinInstnId></CdtrAgt></RltdAgts><RmtInf><Ustrd>/DO2023-02-23/SPMARGITA.MALIKOVA-HOTMAIL.SK</Ustrd></RmtInf></TxDtls></NtryDtls></Ntry>
<Ntry><NtryRef>01000003294980967</NtryRef><Amt Ccy="EUR">70</Amt><CdtDbtInd>CRDT</CdtDbtInd><RvslInd>false</RvslInd><Sts>BOOK</Sts><BookgDt><Dt>2023-02-24</Dt></BookgDt><ValDt><Dt>2023-02-24</Dt></ValDt><BkTxCd><Prtry><Cd>10000403000</Cd><Issr>SBA</Issr></Prtry></BkTxCd><NtryDtls><TxDtls><Refs><MsgId>1362872-pacs.008-1</MsgId><AcctSvcrRef>F001240220233833716</AcctSvcrRef><InstrId>01000003294980967</InstrId><EndToEndId>/VS0000006767/SS/KS</EndToEndId></Refs><BkTxCd><Prtry><Cd>10000403000</Cd><Issr>SBA</Issr></Prtry></BkTxCd><RltdPties><DbtrAcct><Id><IBAN>SK7883605207004202620767</IBAN></Id><Nm>BIBIANA BALAZOVA</Nm></DbtrAcct><CdtrAcct><Id><IBAN>SK8809000000005149764503</IBAN></Id><Nm>Papezske misijne diela</Nm></CdtrAcct></RltdPties><RltdAgts><DbtrAgt><FinInstnId><BIC>BREXSKBX</BIC></FinInstnId></DbtrAgt><CdtrAgt><FinInstnId><BIC>GIBASKBX</BIC></FinInstnId></CdtrAgt></RltdAgts><RmtInf><Ustrd>/DO2023-02-23/SPNUDZOVA POMOC PO ZEMETRASENI V SYRII A V TURECKU</Ustrd></RmtInf></TxDtls></NtryDtls></Ntry>
<Ntry><NtryRef>2305550000008983</NtryRef><Amt Ccy="EUR">20</Amt><CdtDbtInd>CRDT</CdtDbtInd><RvslInd>false</RvslInd><Sts>BOOK</Sts><BookgDt><Dt>2023-02-24</Dt></BookgDt><ValDt><Dt>2023-02-24</Dt></ValDt><BkTxCd><Prtry><Cd>10000405000</Cd><Issr>SBA</Issr></Prtry></BkTxCd><NtryDtls><TxDtls><Refs><AcctSvcrRef>F001240220233845169</AcctSvcrRef><EndToEndId>/VS77792378/SS/KS</EndToEndId></Refs><BkTxCd><Prtry><Cd>10000405000</Cd><Issr>SBA</Issr></Prtry></BkTxCd><RltdPties><DbtrAcct><Id><IBAN>SK3602000000001960357853</IBAN></Id><Nm>Magdalena Krcmarikova</Nm></DbtrAcct><CdtrAcct><Id><IBAN>SK8809000000005149764503</IBAN></Id><Nm>Papezske misijne diela</Nm></CdtrAcct></RltdPties><RltdAgts><DbtrAgt><FinInstnId><BIC>SUBASKBX</BIC></FinInstnId></DbtrAgt><CdtrAgt><FinInstnId><BIC>GIBASKBX</BIC></FinInstnId></CdtrAgt></RltdAgts><RmtInf><Ustrd>Skalite980</Ustrd></RmtInf></TxDtls></NtryDtls></Ntry>
<Ntry><NtryRef>FSY0013846193</NtryRef><Amt Ccy="EUR">20</Amt><CdtDbtInd>CRDT</CdtDbtInd><RvslInd>false</RvslInd><Sts>BOOK</Sts><BookgDt><Dt>2023-02-24</Dt></BookgDt><ValDt><Dt>2023-02-24</Dt></ValDt><BkTxCd><Prtry><Cd>10000403000</Cd><Issr>SBA</Issr></Prtry></BkTxCd><NtryDtls><TxDtls><Refs><AcctSvcrRef>F001240220233846195</AcctSvcrRef><EndToEndId>/VS6767/SS/KS</EndToEndId></Refs><BkTxCd><Prtry><Cd>10000403000</Cd><Issr>SBA</Issr></Prtry></BkTxCd><RltdPties><DbtrAcct><Id><IBAN>SK3509000000000484330558</IBAN></Id><Nm>Oravcova  Zuzana</Nm></DbtrAcct><CdtrAcct><Id><IBAN>SK8809000000005149764503</IBAN></Id><Nm>Papezske misijne diela</Nm></CdtrAcct></RltdPties><RltdAgts><DbtrAgt><FinInstnId><BIC>GIBASKBX</BIC></FinInstnId></DbtrAgt><CdtrAgt><FinInstnId><BIC>GIBASKBX</BIC></FinInstnId></CdtrAgt></RltdAgts><RmtInf><Ustrd>Emilia Dankaninova</Ustrd></RmtInf></TxDtls></NtryDtls></Ntry>
<Ntry><NtryRef>FSY0013867905</NtryRef><Amt Ccy="EUR">20</Amt><CdtDbtInd>CRDT</CdtDbtInd><RvslInd>false</RvslInd><Sts>BOOK</Sts><BookgDt><Dt>2023-02-24</Dt></BookgDt><ValDt><Dt>2023-02-24</Dt></ValDt><BkTxCd><Prtry><Cd>10000403000</Cd><Issr>SBA</Issr></Prtry></BkTxCd><NtryDtls><TxDtls><Refs><AcctSvcrRef>F001240220233867907</AcctSvcrRef><EndToEndId>/VS6767/SS/KS</EndToEndId></Refs><BkTxCd><Prtry><Cd>10000403000</Cd><Issr>SBA</Issr></Prtry></BkTxCd><RltdPties><DbtrAcct><Id><IBAN>SK0709000000000523583567</IBAN></Id><Nm>Jassus Jozef</Nm></DbtrAcct><CdtrAcct><Id><IBAN>SK8809000000005149764503</IBAN></Id><Nm>Papezske misijne diela</Nm></CdtrAcct></RltdPties><RltdAgts><DbtrAgt><FinInstnId><BIC>GIBASKBX</BIC></FinInstnId></DbtrAgt><CdtrAgt><FinInstnId><BIC>GIBASKBX</BIC></FinInstnId></CdtrAgt></RltdAgts><RmtInf><Ustrd>jozef.jassus@gmail.com</Ustrd></RmtInf></TxDtls></NtryDtls></Ntry>
<Ntry><NtryRef>FSY0013869559</NtryRef><Amt Ccy="EUR">18</Amt><CdtDbtInd>CRDT</CdtDbtInd><RvslInd>false</RvslInd><Sts>BOOK</Sts><BookgDt><Dt>2023-02-24</Dt></BookgDt><ValDt><Dt>2023-02-24</Dt></ValDt><BkTxCd><Prtry><Cd>10000403000</Cd><Issr>SBA</Issr></Prtry></BkTxCd><NtryDtls><TxDtls><Refs><AcctSvcrRef>F001240220233869560</AcctSvcrRef><EndToEndId>/VS88892322/SS/KS0008</EndToEndId></Refs><BkTxCd><Prtry><Cd>10000403000</Cd><Issr>SBA</Issr></Prtry></BkTxCd><RltdPties><DbtrAcct><Id><IBAN>SK3509000000000230193856</IBAN></Id><Nm>Gergel Jozef,Gergelova Andrea</Nm></DbtrAcct><CdtrAcct><Id><IBAN>SK8809000000005149764503</IBAN></Id><Nm>Papezske misijne diela</Nm></CdtrAcct></RltdPties><RltdAgts><DbtrAgt><FinInstnId><BIC>GIBASKBX</BIC></FinInstnId></DbtrAgt><CdtrAgt><FinInstnId><BIC>GIBASKBX</BIC></FinInstnId></CdtrAgt></RltdAgts><RmtInf><Ustrd>Bezhotovostny vklad</Ustrd></RmtInf></TxDtls></NtryDtls></Ntry>
<Ntry><NtryRef>FSY0013875892</NtryRef><Amt Ccy="EUR">10</Amt><CdtDbtInd>CRDT</CdtDbtInd><RvslInd>false</RvslInd><Sts>BOOK</Sts><BookgDt><Dt>2023-02-24</Dt></BookgDt><ValDt><Dt>2023-02-24</Dt></ValDt><BkTxCd><Prtry><Cd>10000403000</Cd><Issr>SBA</Issr></Prtry></BkTxCd><NtryDtls><TxDtls><Refs><AcctSvcrRef>F001240220233875894</AcctSvcrRef><EndToEndId>/VS77792382/SS/KS</EndToEndId></Refs><BkTxCd><Prtry><Cd>10000403000</Cd><Issr>SBA</Issr></Prtry></BkTxCd><RltdPties><DbtrAcct><Id><IBAN>SK4709000000000312692528</IBAN></Id><Nm>Haladejova Katarina</Nm></DbtrAcct><CdtrAcct><Id><IBAN>SK8809000000005149764503</IBAN></Id><Nm>Papezske misijne diela</Nm></CdtrAcct></RltdPties><RltdAgts><DbtrAgt><FinInstnId><BIC>GIBASKBX</BIC></FinInstnId></DbtrAgt><CdtrAgt><FinInstnId><BIC>GIBASKBX</BIC></FinInstnId></CdtrAgt></RltdAgts><RmtInf><Ustrd>Bezhotovostny vklad</Ustrd></RmtInf></TxDtls></NtryDtls></Ntry>
<Ntry><NtryRef>2305550000013324</NtryRef><Amt Ccy="EUR">150</Amt><CdtDbtInd>CRDT</CdtDbtInd><RvslInd>false</RvslInd><Sts>BOOK</Sts><BookgDt><Dt>2023-02-24</Dt></BookgDt><ValDt><Dt>2023-02-24</Dt></ValDt><BkTxCd><Prtry><Cd>10000405000</Cd><Issr>SBA</Issr></Prtry></BkTxCd><NtryDtls><TxDtls><Refs><AcctSvcrRef>F001240220233879876</AcctSvcrRef><EndToEndId>/VS77792383/SS/KS</EndToEndId></Refs><BkTxCd><Prtry><Cd>10000405000</Cd><Issr>SBA</Issr></Prtry></BkTxCd><RltdPties><DbtrAcct><Id><IBAN>SK1202000000001070745192</IBAN></Id><Nm>Eva Chochulova</Nm></DbtrAcct><CdtrAcct><Id><IBAN>SK8809000000005149764503</IBAN></Id><Nm>Papezske misijne diela</Nm></CdtrAcct></RltdPties><RltdAgts><DbtrAgt><FinInstnId><BIC>SUBASKBX</BIC></FinInstnId></DbtrAgt><CdtrAgt><FinInstnId><BIC>GIBASKBX</BIC></FinInstnId></CdtrAgt></RltdAgts><RmtInf><Ustrd>gregorianske omse J.Janosova</Ustrd></RmtInf></TxDtls></NtryDtls></Ntry>
<Ntry><NtryRef>FSY0013882703</NtryRef><Amt Ccy="EUR">50</Amt><CdtDbtInd>CRDT</CdtDbtInd><RvslInd>false</RvslInd><Sts>BOOK</Sts><BookgDt><Dt>2023-02-24</Dt></BookgDt><ValDt><Dt>2023-02-24</Dt></ValDt><BkTxCd><Prtry><Cd>10000403000</Cd><Issr>SBA</Issr></Prtry></BkTxCd><NtryDtls><TxDtls><Refs><AcctSvcrRef>F001240220233882704</AcctSvcrRef><EndToEndId>/VS320/SS/KS</EndToEndId></Refs><BkTxCd><Prtry><Cd>10000403000</Cd><Issr>SBA</Issr></Prtry></BkTxCd><RltdPties><DbtrAcct><Id><IBAN>SK7809000000005031377444</IBAN></Id><Nm>Cernicka Marianna</Nm></DbtrAcct><CdtrAcct><Id><IBAN>SK8809000000005149764503</IBAN></Id><Nm>Papezske misijne diela</Nm></CdtrAcct></RltdPties><RltdAgts><DbtrAgt><FinInstnId><BIC>GIBASKBX</BIC></FinInstnId></DbtrAgt><CdtrAgt><FinInstnId><BIC>GIBASKBX</BIC></FinInstnId></CdtrAgt></RltdAgts><RmtInf><Ustrd>Adopcia bohoslovca z Afriky Manzelia Cernicki</Ustrd></RmtInf></TxDtls></NtryDtls></Ntry>
<Ntry><NtryRef>2305550000015115</NtryRef><Amt Ccy="EUR">20</Amt><CdtDbtInd>CRDT</CdtDbtInd><RvslInd>false</RvslInd><Sts>BOOK</Sts><BookgDt><Dt>2023-02-24</Dt></BookgDt><ValDt><Dt>2023-02-24</Dt></ValDt><BkTxCd><Prtry><Cd>10000405000</Cd><Issr>SBA</Issr></Prtry></BkTxCd><NtryDtls><TxDtls><Refs><AcctSvcrRef>F001240220233893537</AcctSvcrRef><EndToEndId>/VS77792379/SS/KS</EndToEndId></Refs><BkTxCd><Prtry><Cd>10000405000</Cd><Issr>SBA</Issr></Prtry></BkTxCd><RltdPties><DbtrAcct><Id><IBAN>SK2402000000002234149202</IBAN></Id><Nm>Bernardetta Zovcakova</Nm></DbtrAcct><CdtrAcct><Id><IBAN>SK8809000000005149764503</IBAN></Id><Nm>Papezske misijne diela</Nm></CdtrAcct></RltdPties><RltdAgts><DbtrAgt><FinInstnId><BIC>SUBASKBX</BIC></FinInstnId></DbtrAgt><CdtrAgt><FinInstnId><BIC>GIBASKBX</BIC></FinInstnId></CdtrAgt></RltdAgts><RmtInf><Ustrd>platba za 4 sv.omse za p.Sturdikovu, Zovcakova Bernardetta, Mnich..Lehota170</Ustrd></RmtInf></TxDtls></NtryDtls></Ntry>
<Ntry><NtryRef>FSY0013901973</NtryRef><Amt Ccy="EUR">40</Amt><CdtDbtInd>CRDT</CdtDbtInd><RvslInd>false</RvslInd><Sts>BOOK</Sts><BookgDt><Dt>2023-02-24</Dt></BookgDt><ValDt><Dt>2023-02-24</Dt></ValDt><BkTxCd><Prtry><Cd>10000403000</Cd><Issr>SBA</Issr></Prtry></BkTxCd><NtryDtls><TxDtls><Refs><AcctSvcrRef>F001240220233901974</AcctSvcrRef><EndToEndId>/VS6767/SS/KS</EndToEndId></Refs><BkTxCd><Prtry><Cd>10000403000</Cd><Issr>SBA</Issr></Prtry></BkTxCd><RltdPties><DbtrAcct><Id><IBAN>SK6309000000000109061595</IBAN></Id><Nm>Novak Metod</Nm></DbtrAcct><CdtrAcct><Id><IBAN>SK8809000000005149764503</IBAN></Id><Nm>Papezske misijne diela</Nm></CdtrAcct></RltdPties><RltdAgts><DbtrAgt><FinInstnId><BIC>GIBASKBX</BIC></FinInstnId></DbtrAgt><CdtrAgt><FinInstnId><BIC>GIBASKBX</BIC></FinInstnId></CdtrAgt></RltdAgts><RmtInf><Ustrd>k2novakova@gmail.com</Ustrd></RmtInf></TxDtls></NtryDtls></Ntry>
<Ntry><NtryRef>FSY0013919995</NtryRef><Amt Ccy="EUR">23</Amt><CdtDbtInd>CRDT</CdtDbtInd><RvslInd>false</RvslInd><Sts>BOOK</Sts><BookgDt><Dt>2023-02-24</Dt></BookgDt><ValDt><Dt>2023-02-24</Dt></ValDt><BkTxCd><Prtry><Cd>10000403000</Cd><Issr>SBA</Issr></Prtry></BkTxCd><NtryDtls><TxDtls><Refs><AcctSvcrRef>F001240220233919996</AcctSvcrRef><EndToEndId>/VS77792384/SS/KS</EndToEndId></Refs><BkTxCd><Prtry><Cd>10000403000</Cd><Issr>SBA</Issr></Prtry></BkTxCd><RltdPties><DbtrAcct><Id><IBAN>SK9109000000000371035296</IBAN></Id><Nm>Gabasova Jaroslava</Nm></DbtrAcct><CdtrAcct><Id><IBAN>SK8809000000005149764503</IBAN></Id><Nm>Papezske misijne diela</Nm></CdtrAcct></RltdPties><RltdAgts><DbtrAgt><FinInstnId><BIC>GIBASKBX</BIC></FinInstnId></DbtrAgt><CdtrAgt><FinInstnId><BIC>GIBASKBX</BIC></FinInstnId></CdtrAgt></RltdAgts><RmtInf><Ustrd>Bezhotovostny vklad</Ustrd></RmtInf></TxDtls></NtryDtls></Ntry>
<Ntry><NtryRef>FSY0013923460</NtryRef><Amt Ccy="EUR">10</Amt><CdtDbtInd>CRDT</CdtDbtInd><RvslInd>false</RvslInd><Sts>BOOK</Sts><BookgDt><Dt>2023-02-24</Dt></BookgDt><ValDt><Dt>2023-02-24</Dt></ValDt><BkTxCd><Prtry><Cd>10000403000</Cd><Issr>SBA</Issr></Prtry></BkTxCd><NtryDtls><TxDtls><Refs><AcctSvcrRef>F001240220233923461</AcctSvcrRef><EndToEndId>/VS333/SS/KS</EndToEndId></Refs><BkTxCd><Prtry><Cd>10000403000</Cd><Issr>SBA</Issr></Prtry></BkTxCd><RltdPties><DbtrAcct><Id><IBAN>SK0709000000005024817448</IBAN></Id><Nm>Mikorovicova Maria</Nm></DbtrAcct><CdtrAcct><Id><IBAN>SK8809000000005149764503</IBAN></Id><Nm>Papezske misijne diela</Nm></CdtrAcct></RltdPties><RltdAgts><DbtrAgt><FinInstnId><BIC>GIBASKBX</BIC></FinInstnId></DbtrAgt><CdtrAgt><FinInstnId><BIC>GIBASKBX</BIC></FinInstnId></CdtrAgt></RltdAgts><RmtInf><Ustrd>Bezhotovostny vklad</Ustrd></RmtInf></TxDtls></NtryDtls></Ntry>
<Ntry><NtryRef>FSY0013923855</NtryRef><Amt Ccy="EUR">20</Amt><CdtDbtInd>CRDT</CdtDbtInd><RvslInd>false</RvslInd><Sts>BOOK</Sts><BookgDt><Dt>2023-02-24</Dt></BookgDt><ValDt><Dt>2023-02-24</Dt></ValDt><BkTxCd><Prtry><Cd>10000403000</Cd><Issr>SBA</Issr></Prtry></BkTxCd><NtryDtls><TxDtls><Refs><AcctSvcrRef>F001240220233923856</AcctSvcrRef><EndToEndId>NOTPROVIDED</EndToEndId></Refs><BkTxCd><Prtry><Cd>10000403000</Cd><Issr>SBA</Issr></Prtry></BkTxCd><RltdPties><DbtrAcct><Id><IBAN>SK5609000000005053727804</IBAN></Id><Nm>Stopka Peter</Nm></DbtrAcct><CdtrAcct><Id><IBAN>SK8809000000005149764503</IBAN></Id><Nm>Papezske misijne diela</Nm></CdtrAcct></RltdPties><RltdAgts><DbtrAgt><FinInstnId><BIC>GIBASKBX</BIC></FinInstnId></DbtrAgt><CdtrAgt><FinInstnId><BIC>GIBASKBX</BIC></FinInstnId></CdtrAgt></RltdAgts><RmtInf><Ustrd>Bezhotovostny vklad</Ustrd></RmtInf></TxDtls></NtryDtls></Ntry>
<Ntry><NtryRef>6CB185600812862</NtryRef><Amt Ccy="EUR">150</Amt><CdtDbtInd>CRDT</CdtDbtInd><RvslInd>false</RvslInd><Sts>BOOK</Sts><BookgDt><Dt>2023-02-24</Dt></BookgDt><ValDt><Dt>2023-02-24</Dt></ValDt><BkTxCd><Prtry><Cd>10000403000</Cd><Issr>SBA</Issr></Prtry></BkTxCd><NtryDtls><TxDtls><Refs><MsgId>1363191-pacs.008-4</MsgId><AcctSvcrRef>F001240220233936873</AcctSvcrRef><EndToEndId>NOTPROVIDED</EndToEndId></Refs><BkTxCd><Prtry><Cd>10000403000</Cd><Issr>SBA</Issr></Prtry></BkTxCd><RltdPties><DbtrAcct><Id><IBAN>SK3581000000001100003617</IBAN></Id><Nm>Vnutorny ucet banky</Nm></DbtrAcct><UltmtDbtr><Nm>PICHALOVA EMILIA</Nm><Id><PrvtId><Othr><Id>CZ7201000000431975750287</Id></Othr></PrvtId></Id></UltmtDbtr><CdtrAcct><Id><IBAN>SK8809000000005149764503</IBAN></Id><Nm>Papezske misijne diela</Nm></CdtrAcct></RltdPties><RltdAgts><DbtrAgt><FinInstnId><BIC>KOMBSKBA</BIC></FinInstnId></DbtrAgt><CdtrAgt><FinInstnId><BIC>GIBASKBX</BIC></FinInstnId></CdtrAgt></RltdAgts><RmtInf><Ustrd>/DO2023-02-24/SPCZ7201000000431975750287,PICHALOVA EMILIA,77792367 za zomreleho Emila Hrubovcaka</Ustrd></RmtInf></TxDtls></NtryDtls></Ntry>
<Ntry><NtryRef>FSY0013963750</NtryRef><Amt Ccy="EUR">30</Amt><CdtDbtInd>CRDT</CdtDbtInd><RvslInd>false</RvslInd><Sts>BOOK</Sts><BookgDt><Dt>2023-02-24</Dt></BookgDt><ValDt><Dt>2023-02-24</Dt></ValDt><BkTxCd><Prtry><Cd>10000403000</Cd><Issr>SBA</Issr></Prtry></BkTxCd><NtryDtls><TxDtls><Refs><AcctSvcrRef>F001240220233963751</AcctSvcrRef><EndToEndId>/VS6767/SS/KS</EndToEndId></Refs><BkTxCd><Prtry><Cd>10000403000</Cd><Issr>SBA</Issr></Prtry></BkTxCd><RltdPties><DbtrAcct><Id><IBAN>SK2509000000000321962147</IBAN></Id><Nm>Sareny Dusan</Nm></DbtrAcct><CdtrAcct><Id><IBAN>SK8809000000005149764503</IBAN></Id><Nm>Papezske misijne diela</Nm></CdtrAcct></RltdPties><RltdAgts><DbtrAgt><FinInstnId><BIC>GIBASKBX</BIC></FinInstnId></DbtrAgt><CdtrAgt><FinInstnId><BIC>GIBASKBX</BIC></FinInstnId></CdtrAgt></RltdAgts><RmtInf><Ustrd>sarenydusan gmail.com</Ustrd></RmtInf></TxDtls></NtryDtls></Ntry>
<Ntry><NtryRef>OO23022400017512</NtryRef><Amt Ccy="EUR">600</Amt><CdtDbtInd>CRDT</CdtDbtInd><RvslInd>false</RvslInd><Sts>BOOK</Sts><BookgDt><Dt>2023-02-24</Dt></BookgDt><ValDt><Dt>2023-02-24</Dt></ValDt><BkTxCd><Prtry><Cd>10000405000</Cd><Issr>SBA</Issr></Prtry></BkTxCd><NtryDtls><TxDtls><Refs><AcctSvcrRef>F001240220233967617</AcctSvcrRef><EndToEndId>/VS320/SS/KS</EndToEndId></Refs><BkTxCd><Prtry><Cd>10000405000</Cd><Issr>SBA</Issr></Prtry></BkTxCd><RltdPties><DbtrAcct><Id><IBAN>SK1211000000002933075812</IBAN></Id><Nm>Faithova Klaudia, Ing.</Nm></DbtrAcct><CdtrAcct><Id><IBAN>SK8809000000005149764503</IBAN></Id><Nm>Papezske misijne diela</Nm></CdtrAcct></RltdPties><RltdAgts><DbtrAgt><FinInstnId><BIC>TATRSKBX</BIC></FinInstnId></DbtrAgt><CdtrAgt><FinInstnId><BIC>GIBASKBX</BIC></FinInstnId></CdtrAgt></RltdAgts><RmtInf><Ustrd>Seminarista Moise MUYISA MALIRO</Ustrd></RmtInf></TxDtls></NtryDtls></Ntry>
<Ntry><NtryRef>OO23022400018068</NtryRef><Amt Ccy="EUR">150</Amt><CdtDbtInd>CRDT</CdtDbtInd><RvslInd>false</RvslInd><Sts>BOOK</Sts><BookgDt><Dt>2023-02-24</Dt></BookgDt><ValDt><Dt>2023-02-24</Dt></ValDt><BkTxCd><Prtry><Cd>10000405000</Cd><Issr>SBA</Issr></Prtry></BkTxCd><NtryDtls><TxDtls><Refs><AcctSvcrRef>F001240220233973049</AcctSvcrRef><EndToEndId>/VS77792386/SS/KS</EndToEndId></Refs><BkTxCd><Prtry><Cd>10000405000</Cd><Issr>SBA</Issr></Prtry></BkTxCd><RltdPties><DbtrAcct><Id><IBAN>SK0511000000002617080687</IBAN></Id><Nm>Kovac Pavel, Ing.</Nm></DbtrAcct><CdtrAcct><Id><IBAN>SK8809000000005149764503</IBAN></Id><Nm>Papezske misijne diela</Nm></CdtrAcct></RltdPties><RltdAgts><DbtrAgt><FinInstnId><BIC>TATRSKBX</BIC></FinInstnId></DbtrAgt><CdtrAgt><FinInstnId><BIC>GIBASKBX</BIC></FinInstnId></CdtrAgt></RltdAgts><RmtInf><Ustrd>Papezske misijne diela - Gregorianske omse za zomrelu Olgu.</Ustrd></RmtInf></TxDtls></NtryDtls></Ntry>
<Ntry><NtryRef>FSY0013980193</NtryRef><Amt Ccy="EUR">20</Amt><CdtDbtInd>CRDT</CdtDbtInd><RvslInd>false</RvslInd><Sts>BOOK</Sts><BookgDt><Dt>2023-02-24</Dt></BookgDt><ValDt><Dt>2023-02-24</Dt></ValDt><BkTxCd><Prtry><Cd>10000403000</Cd><Issr>SBA</Issr></Prtry></BkTxCd><NtryDtls><TxDtls><Refs><AcctSvcrRef>F001240220233980194</AcctSvcrRef><EndToEndId>/VS88892250/SS/KS</EndToEndId></Refs><BkTxCd><Prtry><Cd>10000403000</Cd><Issr>SBA</Issr></Prtry></BkTxCd><RltdPties><DbtrAcct><Id><IBAN>SK3209000000000402943538</IBAN></Id><Nm>Bohacikova Maria</Nm></DbtrAcct><CdtrAcct><Id><IBAN>SK8809000000005149764503</IBAN></Id><Nm>Papezske misijne diela</Nm></CdtrAcct></RltdPties><RltdAgts><DbtrAgt><FinInstnId><BIC>GIBASKBX</BIC></FinInstnId></DbtrAgt><CdtrAgt><FinInstnId><BIC>GIBASKBX</BIC></FinInstnId></CdtrAgt></RltdAgts><RmtInf><Ustrd>Bezhotovostny vklad</Ustrd></RmtInf></TxDtls></NtryDtls></Ntry>
<Ntry><NtryRef>OO23022400018859</NtryRef><Amt Ccy="EUR">30</Amt><CdtDbtInd>CRDT</CdtDbtInd><RvslInd>false</RvslInd><Sts>BOOK</Sts><BookgDt><Dt>2023-02-24</Dt></BookgDt><ValDt><Dt>2023-02-24</Dt></ValDt><BkTxCd><Prtry><Cd>10000405000</Cd><Issr>SBA</Issr></Prtry></BkTxCd><NtryDtls><TxDtls><Refs><AcctSvcrRef>F001240220233981798</AcctSvcrRef><EndToEndId>/VS6767/SS/KS0558</EndToEndId></Refs><BkTxCd><Prtry><Cd>10000405000</Cd><Issr>SBA</Issr></Prtry></BkTxCd><RltdPties><DbtrAcct><Id><IBAN>SK4911000000002916835891</IBAN></Id><Nm>Cibereova Maria</Nm></DbtrAcct><CdtrAcct><Id><IBAN>SK8809000000005149764503</IBAN></Id><Nm>Papezske misijne diela</Nm></CdtrAcct></RltdPties><RltdAgts><DbtrAgt><FinInstnId><BIC>TATRSKBX</BIC></FinInstnId></DbtrAgt><CdtrAgt><FinInstnId><BIC>GIBASKBX</BIC></FinInstnId></CdtrAgt></RltdAgts><RmtInf><Ustrd>cibereovam@gmail.com</Ustrd></RmtInf></TxDtls></NtryDtls></Ntry>
<Ntry><NtryRef>2305550000026971</NtryRef><Amt Ccy="EUR">5</Amt><CdtDbtInd>CRDT</CdtDbtInd><RvslInd>false</RvslInd><Sts>BOOK</Sts><BookgDt><Dt>2023-02-24</Dt></BookgDt><ValDt><Dt>2023-02-24</Dt></ValDt><BkTxCd><Prtry><Cd>10000405000</Cd><Issr>SBA</Issr></Prtry></BkTxCd><NtryDtls><TxDtls><Refs><AcctSvcrRef>F001240220233986864</AcctSvcrRef><EndToEndId>/VS6767/SS/KS</EndToEndId></Refs><BkTxCd><Prtry><Cd>10000405000</Cd><Issr>SBA</Issr></Prtry></BkTxCd><RltdPties><DbtrAcct><Id><IBAN>SK6002000000002966365955</IBAN></Id><Nm>Slavka Borsikova</Nm></DbtrAcct><CdtrAcct><Id><IBAN>SK8809000000005149764503</IBAN></Id><Nm>Papezske misijne diela</Nm></CdtrAcct></RltdPties><RltdAgts><DbtrAgt><FinInstnId><BIC>SUBASKBX</BIC></FinInstnId></DbtrAgt><CdtrAgt><FinInstnId><BIC>GIBASKBX</BIC></FinInstnId></CdtrAgt></RltdAgts><RmtInf><Ustrd>Bezhotovostny vklad-okamzita platba</Ustrd></RmtInf></TxDtls></NtryDtls></Ntry>
<Ntry><NtryRef>FSY0014016006</NtryRef><Amt Ccy="EUR">20</Amt><CdtDbtInd>CRDT</CdtDbtInd><RvslInd>false</RvslInd><Sts>BOOK</Sts><BookgDt><Dt>2023-02-24</Dt></BookgDt><ValDt><Dt>2023-02-24</Dt></ValDt><BkTxCd><Prtry><Cd>10000403000</Cd><Issr>SBA</Issr></Prtry></BkTxCd><NtryDtls><TxDtls><Refs><AcctSvcrRef>F001240220234016007</AcctSvcrRef><EndToEndId>/VS88892100/SS/KS</EndToEndId></Refs><BkTxCd><Prtry><Cd>10000403000</Cd><Issr>SBA</Issr></Prtry></BkTxCd><RltdPties><DbtrAcct><Id><IBAN>SK3709000000000493439598</IBAN></Id><Nm>Szentivanyiova Drahoslava</Nm></DbtrAcct><CdtrAcct><Id><IBAN>SK8809000000005149764503</IBAN></Id><Nm>Papezske misijne diela</Nm></CdtrAcct></RltdPties><RltdAgts><DbtrAgt><FinInstnId><BIC>GIBASKBX</BIC></FinInstnId></DbtrAgt><CdtrAgt><FinInstnId><BIC>GIBASKBX</BIC></FinInstnId></CdtrAgt></RltdAgts><RmtInf><Ustrd>Drahoslava Szentivanyiova, Karola Kuzmanyho 1577/15, 06001 Kezmarok, e-mail: d.szentivanyiova@gmail.com</Ustrd></RmtInf></TxDtls></NtryDtls></Ntry>
<Ntry><NtryRef>OO23022400022716</NtryRef><Amt Ccy="EUR">25</Amt><CdtDbtInd>CRDT</CdtDbtInd><RvslInd>false</RvslInd><Sts>BOOK</Sts><BookgDt><Dt>2023-02-24</Dt></BookgDt><ValDt><Dt>2023-02-24</Dt></ValDt><BkTxCd><Prtry><Cd>10000405000</Cd><Issr>SBA</Issr></Prtry></BkTxCd><NtryDtls><TxDtls><Refs><AcctSvcrRef>F001240220234026448</AcctSvcrRef><EndToEndId>/VS77792393/SS/KS3558</EndToEndId></Refs><BkTxCd><Prtry><Cd>10000405000</Cd><Issr>SBA</Issr></Prtry></BkTxCd><RltdPties><DbtrAcct><Id><IBAN>SK0911000000002616500264</IBAN></Id><Nm>Chabreckova Milada</Nm></DbtrAcct><CdtrAcct><Id><IBAN>SK8809000000005149764503</IBAN></Id><Nm>Papezske misijne diela</Nm></CdtrAcct></RltdPties><RltdAgts><DbtrAgt><FinInstnId><BIC>TATRSKBX</BIC></FinInstnId></DbtrAgt><CdtrAgt><FinInstnId><BIC>GIBASKBX</BIC></FinInstnId></CdtrAgt></RltdAgts><RmtInf><Ustrd>Bezhotovostny vklad-okamzita platba</Ustrd></RmtInf></TxDtls></NtryDtls></Ntry>
<Ntry><NtryRef>OO23022400022918</NtryRef><Amt Ccy="EUR">25</Amt><CdtDbtInd>CRDT</CdtDbtInd><RvslInd>false</RvslInd><Sts>BOOK</Sts><BookgDt><Dt>2023-02-24</Dt></BookgDt><ValDt><Dt>2023-02-24</Dt></ValDt><BkTxCd><Prtry><Cd>10000405000</Cd><Issr>SBA</Issr></Prtry></BkTxCd><NtryDtls><TxDtls><Refs><AcctSvcrRef>F001240220234028898</AcctSvcrRef><EndToEndId>/VS333/SS/KS</EndToEndId></Refs><BkTxCd><Prtry><Cd>10000405000</Cd><Issr>SBA</Issr></Prtry></BkTxCd><RltdPties><DbtrAcct><Id><IBAN>SK2011000000002615527350</IBAN></Id><Nm>Bohackova Lydia</Nm></DbtrAcct><CdtrAcct><Id><IBAN>SK8809000000005149764503</IBAN></Id><Nm>Papezske misijne diela</Nm></CdtrAcct></RltdPties><RltdAgts><DbtrAgt><FinInstnId><BIC>TATRSKBX</BIC></FinInstnId></DbtrAgt><CdtrAgt><FinInstnId><BIC>GIBASKBX</BIC></FinInstnId></CdtrAgt></RltdAgts><RmtInf><Ustrd>Adresa alebo mail (333):</Ustrd></RmtInf></TxDtls></NtryDtls></Ntry>
<Ntry><NtryRef>FSY0014030408</NtryRef><Amt Ccy="EUR">160</Amt><CdtDbtInd>CRDT</CdtDbtInd><RvslInd>false</RvslInd><Sts>BOOK</Sts><BookgDt><Dt>2023-02-24</Dt></BookgDt><ValDt><Dt>2023-02-24</Dt></ValDt><BkTxCd><Prtry><Cd>10000403000</Cd><Issr>SBA</Issr></Prtry></BkTxCd><NtryDtls><TxDtls><Refs><AcctSvcrRef>F001240220234030409</AcctSvcrRef><EndToEndId>/VS77792395/SS77792395/KS</EndToEndId></Refs><BkTxCd><Prtry><Cd>10000403000</Cd><Issr>SBA</Issr></Prtry></BkTxCd><RltdPties><DbtrAcct><Id><IBAN>SK8609000000000333547020</IBAN></Id><Nm>Kruzliakova Stanislava</Nm></DbtrAcct><CdtrAcct><Id><IBAN>SK8809000000005149764503</IBAN></Id><Nm>Papezske misijne diela</Nm></CdtrAcct></RltdPties><RltdAgts><DbtrAgt><FinInstnId><BIC>GIBASKBX</BIC></FinInstnId></DbtrAgt><CdtrAgt><FinInstnId><BIC>GIBASKBX</BIC></FinInstnId></CdtrAgt></RltdAgts><RmtInf><Ustrd>stankalm@gmail.com</Ustrd></RmtInf></TxDtls></NtryDtls></Ntry>
<Ntry><NtryRef>OO23022400023257</NtryRef><Amt Ccy="EUR">10</Amt><CdtDbtInd>CRDT</CdtDbtInd><RvslInd>false</RvslInd><Sts>BOOK</Sts><BookgDt><Dt>2023-02-24</Dt></BookgDt><ValDt><Dt>2023-02-24</Dt></ValDt><BkTxCd><Prtry><Cd>10000405000</Cd><Issr>SBA</Issr></Prtry></BkTxCd><NtryDtls><TxDtls><Refs><AcctSvcrRef>F001240220234033076</AcctSvcrRef><EndToEndId>/VS88892396/SS/KS</EndToEndId></Refs><BkTxCd><Prtry><Cd>10000405000</Cd><Issr>SBA</Issr></Prtry></BkTxCd><RltdPties><DbtrAcct><Id><IBAN>SK1511000000008012235348</IBAN></Id><Nm>Verespejova Daniela</Nm></DbtrAcct><CdtrAcct><Id><IBAN>SK8809000000005149764503</IBAN></Id><Nm>Papezske misijne diela</Nm></CdtrAcct></RltdPties><RltdAgts><DbtrAgt><FinInstnId><BIC>TATRSKBX</BIC></FinInstnId></DbtrAgt><CdtrAgt><FinInstnId><BIC>GIBASKBX</BIC></FinInstnId></CdtrAgt></RltdAgts><RmtInf><Ustrd>Objednavka ikon, modlitieb, pozehnania domu</Ustrd></RmtInf></TxDtls></NtryDtls></Ntry>
<Ntry><NtryRef>FSY0014037980</NtryRef><Amt Ccy="EUR">20</Amt><CdtDbtInd>CRDT</CdtDbtInd><RvslInd>false</RvslInd><Sts>BOOK</Sts><BookgDt><Dt>2023-02-24</Dt></BookgDt><ValDt><Dt>2023-02-24</Dt></ValDt><BkTxCd><Prtry><Cd>10000403000</Cd><Issr>SBA</Issr></Prtry></BkTxCd><NtryDtls><TxDtls><Refs><AcctSvcrRef>F001240220234037981</AcctSvcrRef><EndToEndId>/VS6767/SS/KS</EndToEndId></Refs><BkTxCd><Prtry><Cd>10000403000</Cd><Issr>SBA</Issr></Prtry></BkTxCd><RltdPties><DbtrAcct><Id><IBAN>SK8309000000000446952102</IBAN></Id><Nm>Simko Martin</Nm></DbtrAcct><CdtrAcct><Id><IBAN>SK8809000000005149764503</IBAN></Id><Nm>Papezske misijne diela</Nm></CdtrAcct></RltdPties><RltdAgts><DbtrAgt><FinInstnId><BIC>GIBASKBX</BIC></FinInstnId></DbtrAgt><CdtrAgt><FinInstnId><BIC>GIBASKBX</BIC></FinInstnId></CdtrAgt></RltdAgts><RmtInf><Ustrd>Bezhotovostny vklad</Ustrd></RmtInf></TxDtls></NtryDtls></Ntry>
<Ntry><NtryRef>OO23022400024633</NtryRef><Amt Ccy="EUR">150</Amt><CdtDbtInd>CRDT</CdtDbtInd><RvslInd>false</RvslInd><Sts>BOOK</Sts><BookgDt><Dt>2023-02-24</Dt></BookgDt><ValDt><Dt>2023-02-24</Dt></ValDt><BkTxCd><Prtry><Cd>10000405000</Cd><Issr>SBA</Issr></Prtry></BkTxCd><NtryDtls><TxDtls><Refs><AcctSvcrRef>F001240220234047540</AcctSvcrRef><EndToEndId>/VS77792143/SS/KS</EndToEndId></Refs><BkTxCd><Prtry><Cd>10000405000</Cd><Issr>SBA</Issr></Prtry></BkTxCd><RltdPties><DbtrAcct><Id><IBAN>SK1211000000002616228707</IBAN></Id><Nm>Haskova Andrea</Nm></DbtrAcct><CdtrAcct><Id><IBAN>SK8809000000005149764503</IBAN></Id><Nm>Papezske misijne diela</Nm></CdtrAcct></RltdPties><RltdAgts><DbtrAgt><FinInstnId><BIC>TATRSKBX</BIC></FinInstnId></DbtrAgt><CdtrAgt><FinInstnId><BIC>GIBASKBX</BIC></FinInstnId></CdtrAgt></RltdAgts><RmtInf><Ustrd>umysel za Jozefa Urbana</Ustrd></RmtInf></TxDtls></NtryDtls></Ntry>
<Ntry><NtryRef>2305550000036672</NtryRef><Amt Ccy="EUR">30</Amt><CdtDbtInd>CRDT</CdtDbtInd><RvslInd>false</RvslInd><Sts>BOOK</Sts><BookgDt><Dt>2023-02-24</Dt></BookgDt><ValDt><Dt>2023-02-24</Dt></ValDt><BkTxCd><Prtry><Cd>10000405000</Cd><Issr>SBA</Issr></Prtry></BkTxCd><NtryDtls><TxDtls><Refs><AcctSvcrRef>F001240220234064709</AcctSvcrRef><EndToEndId>/VS333/SS/KS0558</EndToEndId></Refs><BkTxCd><Prtry><Cd>10000405000</Cd><Issr>SBA</Issr></Prtry></BkTxCd><RltdPties><DbtrAcct><Id><IBAN>SK8802000000003148609051</IBAN></Id><Nm>Ladislav Jemelka</Nm></DbtrAcct><CdtrAcct><Id><IBAN>SK8809000000005149764503</IBAN></Id><Nm>Papezske misijne diela</Nm></CdtrAcct></RltdPties><RltdAgts><DbtrAgt><FinInstnId><BIC>SUBASKBX</BIC></FinInstnId></DbtrAgt><CdtrAgt><FinInstnId><BIC>GIBASKBX</BIC></FinInstnId></CdtrAgt></RltdAgts><RmtInf><Ustrd>nalepky</Ustrd></RmtInf></TxDtls></NtryDtls></Ntry>
<Ntry><NtryRef>OO23022400028431</NtryRef><Amt Ccy="EUR">50</Amt><CdtDbtInd>CRDT</CdtDbtInd><RvslInd>false</RvslInd><Sts>BOOK</Sts><BookgDt><Dt>2023-02-24</Dt></BookgDt><ValDt><Dt>2023-02-24</Dt></ValDt><BkTxCd><Prtry><Cd>10000405000</Cd><Issr>SBA</Issr></Prtry></BkTxCd><NtryDtls><TxDtls><Refs><AcctSvcrRef>F001240220234088598</AcctSvcrRef><EndToEndId>/VS320/SS/KS</EndToEndId></Refs><BkTxCd><Prtry><Cd>10000405000</Cd><Issr>SBA</Issr></Prtry></BkTxCd><RltdPties><DbtrAcct><Id><IBAN>SK8811000000002913628854</IBAN></Id><Nm>Jassova Magdalena</Nm></DbtrAcct><CdtrAcct><Id><IBAN>SK8809000000005149764503</IBAN></Id><Nm>Papezske misijne diela</Nm></CdtrAcct></RltdPties><RltdAgts><DbtrAgt><FinInstnId><BIC>TATRSKBX</BIC></FinInstnId></DbtrAgt><CdtrAgt><FinInstnId><BIC>GIBASKBX</BIC></FinInstnId></CdtrAgt></RltdAgts><RmtInf><Ustrd>EmmanuelMazambi</Ustrd></RmtInf></TxDtls></NtryDtls></Ntry>
<Ntry><NtryRef>OO23022400029397</NtryRef><Amt Ccy="EUR">25</Amt><CdtDbtInd>CRDT</CdtDbtInd><RvslInd>false</RvslInd><Sts>BOOK</Sts><BookgDt><Dt>2023-02-24</Dt></BookgDt><ValDt><Dt>2023-02-24</Dt></ValDt><BkTxCd><Prtry><Cd>10000405000</Cd><Issr>SBA</Issr></Prtry></BkTxCd><NtryDtls><TxDtls><Refs><AcctSvcrRef>F001240220234100324</AcctSvcrRef><EndToEndId>/VS6767/SS/KS0558</EndToEndId></Refs><BkTxCd><Prtry><Cd>10000405000</Cd><Issr>SBA</Issr></Prtry></BkTxCd><RltdPties><DbtrAcct><Id><IBAN>SK1711000000008011153471</IBAN></Id><Nm>Barjakova Marta</Nm></DbtrAcct><CdtrAcct><Id><IBAN>SK8809000000005149764503</IBAN></Id><Nm>Papezske misijne diela</Nm></CdtrAcct></RltdPties><RltdAgts><DbtrAgt><FinInstnId><BIC>TATRSKBX</BIC></FinInstnId></DbtrAgt><CdtrAgt><FinInstnId><BIC>GIBASKBX</BIC></FinInstnId></CdtrAgt></RltdAgts><RmtInf><Ustrd>Syria</Ustrd></RmtInf></TxDtls></NtryDtls></Ntry>
<Ntry><NtryRef>FSY0014100649</NtryRef><Amt Ccy="EUR">100</Amt><CdtDbtInd>CRDT</CdtDbtInd><RvslInd>false</RvslInd><Sts>BOOK</Sts><BookgDt><Dt>2023-02-24</Dt></BookgDt><ValDt><Dt>2023-02-24</Dt></ValDt><BkTxCd><Prtry><Cd>10000403000</Cd><Issr>SBA</Issr></Prtry></BkTxCd><NtryDtls><TxDtls><Refs><AcctSvcrRef>F001240220234100650</AcctSvcrRef><EndToEndId>/VS320/SS/KS</EndToEndId></Refs><BkTxCd><Prtry><Cd>10000403000</Cd><Issr>SBA</Issr></Prtry></BkTxCd><RltdPties><DbtrAcct><Id><IBAN>SK1209000000000171340587</IBAN></Id><Nm>Buchtova Maria JUDr.</Nm></DbtrAcct><CdtrAcct><Id><IBAN>SK8809000000005149764503</IBAN></Id><Nm>Papezske misijne diela</Nm></CdtrAcct></RltdPties><RltdAgts><DbtrAgt><FinInstnId><BIC>GIBASKBX</BIC></FinInstnId></DbtrAgt><CdtrAgt><FinInstnId><BIC>GIBASKBX</BIC></FinInstnId></CdtrAgt></RltdAgts><RmtInf><Ustrd>Pre seminaristu Charles le Bon Sotodji - Benin</Ustrd></RmtInf></TxDtls></NtryDtls></Ntry>
<Ntry><NtryRef>OO23022400029589</NtryRef><Amt Ccy="EUR">8</Amt><CdtDbtInd>CRDT</CdtDbtInd><RvslInd>false</RvslInd><Sts>BOOK</Sts><BookgDt><Dt>2023-02-24</Dt></BookgDt><ValDt><Dt>2023-02-24</Dt></ValDt><BkTxCd><Prtry><Cd>10000405000</Cd><Issr>SBA</Issr></Prtry></BkTxCd><NtryDtls><TxDtls><Refs><AcctSvcrRef>F001240220234102683</AcctSvcrRef><EndToEndId>/VS77792401/SS/KS0558</EndToEndId></Refs><BkTxCd><Prtry><Cd>10000405000</Cd><Issr>SBA</Issr></Prtry></BkTxCd><RltdPties><DbtrAcct><Id><IBAN>SK1711000000008011153471</IBAN></Id><Nm>Barjakova Marta</Nm></DbtrAcct><CdtrAcct><Id><IBAN>SK8809000000005149764503</IBAN></Id><Nm>Papezske misijne diela</Nm></CdtrAcct></RltdPties><RltdAgts><DbtrAgt><FinInstnId><BIC>TATRSKBX</BIC></FinInstnId></DbtrAgt><CdtrAgt><FinInstnId><BIC>GIBASKBX</BIC></FinInstnId></CdtrAgt></RltdAgts><RmtInf><Ustrd>sv omsa barjakova zh</Ustrd></RmtInf></TxDtls></NtryDtls></Ntry>
<Ntry><NtryRef>FSY0014115092</NtryRef><Amt Ccy="EUR">50</Amt><CdtDbtInd>CRDT</CdtDbtInd><RvslInd>false</RvslInd><Sts>BOOK</Sts><BookgDt><Dt>2023-02-24</Dt></BookgDt><ValDt><Dt>2023-02-24</Dt></ValDt><BkTxCd><Prtry><Cd>10000403000</Cd><Issr>SBA</Issr></Prtry></BkTxCd><NtryDtls><TxDtls><Refs><AcctSvcrRef>F001240220234115093</AcctSvcrRef><EndToEndId>/VS77792402/SS/KS</EndToEndId></Refs><BkTxCd><Prtry><Cd>10000403000</Cd><Issr>SBA</Issr></Prtry></BkTxCd><RltdPties><DbtrAcct><Id><IBAN>SK1809000000000422979140</IBAN></Id><Nm>Rolincin Michal</Nm></DbtrAcct><CdtrAcct><Id><IBAN>SK8809000000005149764503</IBAN></Id><Nm>Papezske misijne diela</Nm></CdtrAcct></RltdPties><RltdAgts><DbtrAgt><FinInstnId><BIC>GIBASKBX</BIC></FinInstnId></DbtrAgt><CdtrAgt><FinInstnId><BIC>GIBASKBX</BIC></FinInstnId></CdtrAgt></RltdAgts><RmtInf><Ustrd>PAY by square 77792402</Ustrd></RmtInf></TxDtls></NtryDtls></Ntry>
<Ntry><NtryRef>2305550000045233</NtryRef><Amt Ccy="EUR">10</Amt><CdtDbtInd>CRDT</CdtDbtInd><RvslInd>false</RvslInd><Sts>BOOK</Sts><BookgDt><Dt>2023-02-24</Dt></BookgDt><ValDt><Dt>2023-02-24</Dt></ValDt><BkTxCd><Prtry><Cd>10000405000</Cd><Issr>SBA</Issr></Prtry></BkTxCd><NtryDtls><TxDtls><Refs><AcctSvcrRef>F001240220234129364</AcctSvcrRef><EndToEndId>/VS6767/SS/KS</EndToEndId></Refs><BkTxCd><Prtry><Cd>10000405000</Cd><Issr>SBA</Issr></Prtry></BkTxCd><RltdPties><DbtrAcct><Id><IBAN>SK9602000000004466439558</IBAN></Id><Nm>Klaudia Faithova</Nm></DbtrAcct><CdtrAcct><Id><IBAN>SK8809000000005149764503</IBAN></Id><Nm>Papezske misijne diela</Nm></CdtrAcct></RltdPties><RltdAgts><DbtrAgt><FinInstnId><BIC>SUBASKBX</BIC></FinInstnId></DbtrAgt><CdtrAgt><FinInstnId><BIC>GIBASKBX</BIC></FinInstnId></CdtrAgt></RltdAgts><RmtInf><Ustrd>Bezhotovostny vklad-okamzita platba</Ustrd></RmtInf></TxDtls></NtryDtls></Ntry>
<Ntry><NtryRef>FSY0014130126</NtryRef><Amt Ccy="EUR">25</Amt><CdtDbtInd>CRDT</CdtDbtInd><RvslInd>false</RvslInd><Sts>BOOK</Sts><BookgDt><Dt>2023-02-24</Dt></BookgDt><ValDt><Dt>2023-02-24</Dt></ValDt><BkTxCd><Prtry><Cd>10000403000</Cd><Issr>SBA</Issr></Prtry></BkTxCd><NtryDtls><TxDtls><Refs><AcctSvcrRef>F001240220234130127</AcctSvcrRef><EndToEndId>/VS4321/SS50021/KS</EndToEndId></Refs><BkTxCd><Prtry><Cd>10000403000</Cd><Issr>SBA</Issr></Prtry></BkTxCd><RltdPties><DbtrAcct><Id><IBAN>SK8509000000000221966968</IBAN></Id><Nm>Klimo Ondrej</Nm></DbtrAcct><CdtrAcct><Id><IBAN>SK8809000000005149764503</IBAN></Id><Nm>Papezske misijne diela</Nm></CdtrAcct></RltdPties><RltdAgts><DbtrAgt><FinInstnId><BIC>GIBASKBX</BIC></FinInstnId></DbtrAgt><CdtrAgt><FinInstnId><BIC>GIBASKBX</BIC></FinInstnId></CdtrAgt></RltdAgts><RmtInf><Ustrd>Adresa alebo mail 4321: klimondrej@gmail.com</Ustrd></RmtInf></TxDtls></NtryDtls></Ntry>
<Ntry><NtryRef>FSY0014131665</NtryRef><Amt Ccy="EUR">70</Amt><CdtDbtInd>CRDT</CdtDbtInd><RvslInd>false</RvslInd><Sts>BOOK</Sts><BookgDt><Dt>2023-02-24</Dt></BookgDt><ValDt><Dt>2023-02-24</Dt></ValDt><BkTxCd><Prtry><Cd>10000403000</Cd><Issr>SBA</Issr></Prtry></BkTxCd><NtryDtls><TxDtls><Refs><AcctSvcrRef>F001240220234131666</AcctSvcrRef><EndToEndId>/VS88892405/SS50021/KS0333</EndToEndId></Refs><BkTxCd><Prtry><Cd>10000403000</Cd><Issr>SBA</Issr></Prtry></BkTxCd><RltdPties><DbtrAcct><Id><IBAN>SK8509000000000221966968</IBAN></Id><Nm>Klimo Ondrej</Nm></DbtrAcct><CdtrAcct><Id><IBAN>SK8809000000005149764503</IBAN></Id><Nm>Papezske misijne diela</Nm></CdtrAcct></RltdPties><RltdAgts><DbtrAgt><FinInstnId><BIC>GIBASKBX</BIC></FinInstnId></DbtrAgt><CdtrAgt><FinInstnId><BIC>GIBASKBX</BIC></FinInstnId></CdtrAgt></RltdAgts><RmtInf><Ustrd>klimondrej@gmail.com</Ustrd></RmtInf></TxDtls></NtryDtls></Ntry>
</Stmt></BkToCstmrStmt></Document>