<?xml version="1.0" encoding="UTF-8" standalone="no"?>
<Document xmlns="urn:iso:std:iso:20022:tech:xsd:camt.053.001.02" xmlns:xsi="http://www.w3.org/2001/XMLSchema-instance"><BkToCstmrStmt><GrpHdr><MsgId>GIBASKBX-230225-SEPAXML~22307000</MsgId><CreDtTm>2023-02-25T23:13:57.0+01:00</CreDtTm><MsgRcpt><Nm>Papezske misijne diela</Nm><PstlAdr><StrtNm>Lazaretska  32</StrtNm><PstCd>81109</PstCd><TwnNm>Bratislava - Stare Mesto</TwnNm><Ctry>SK</Ctry></PstlAdr><Id><OrgId><Othr><Id>Papezske misijne diela</Id></Othr></OrgId></Id></MsgRcpt></GrpHdr><Stmt><Id>SK8809000000005149764503-2023-02-25</Id><ElctrncSeqNb>56</ElctrncSeqNb><LglSeqNb>56</LglSeqNb><CreDtTm>2023-02-25T23:13:57.0+01:00</CreDtTm><FrToDt><FrDtTm>2023-02-25T00:00:00.0+01:00</FrDtTm><ToDtTm>2023-02-25T23:59:59.0+01:00</ToDtTm></FrToDt><Acct><Id><IBAN>SK8809000000005149764503</IBAN></Id><Ccy>EUR</Ccy><Nm>Papezske misijne diela</Nm><Ownr><Nm>Papezske misijne diela</Nm><PstlAdr><StrtNm>Lazaretska  32</StrtNm><PstCd>81109</PstCd><TwnNm>Bratislava - Stare Mesto</TwnNm><Ctry>SK</Ctry></PstlAdr><Id><OrgId><Othr><Id>Papezske misijne diela</Id></Othr></OrgId></Id></Ownr><Svcr><FinInstnId><BIC>GIBASKBX</BIC><Nm>Slovenska sporitelna, a.s.</Nm><PstlAdr><StrtNm>Tomasikova</StrtNm><BldgNb>48</BldgNb><PstCd>83237</PstCd><TwnNm>Bratislava</TwnNm><Ctry>SK</Ctry></PstlAdr><Othr><Id>0900</Id></Othr></FinInstnId></Svcr></Acct><Bal><Tp><CdOrPrtry><Cd>PRCD</Cd></CdOrPrtry></Tp><Amt Ccy="EUR">2831569.43</Amt><CdtDbtInd>CRDT</CdtDbtInd><Dt><Dt>2023-02-25</Dt></Dt></Bal><Bal><Tp><CdOrPrtry><Cd>CLBD</Cd></CdOrPrtry></Tp><Amt Ccy="EUR">2833774.43</Amt><CdtDbtInd>CRDT</CdtDbtInd><Dt><Dt>2023-02-25</Dt></Dt></Bal><Bal><Tp><CdOrPrtry><Cd>CLAV</Cd></CdOrPrtry></Tp><CdtLine><Incl>true</Incl><Amt Ccy="EUR">0</Amt></CdtLine><Amt Ccy="EUR">2833774.43</Amt><CdtDbtInd>CRDT</CdtDbtInd><Dt><Dt>2023-02-25</Dt></Dt></Bal><TxsSummry><TtlNtries><NbOfNtries>45</NbOfNtries><Sum>2205</Sum><TtlNetNtryAmt>2205</TtlNetNtryAmt><CdtDbtInd>CRDT</CdtDbtInd></TtlNtries><TtlCdtNtries><NbOfNtries>45</NbOfNtries><Sum>2205</Sum></TtlCdtNtries><TtlDbtNtries><NbOfNtries>0</NbOfNtries><Sum>0</Sum></TtlDbtNtries></TxsSummry>
<Ntry><NtryRef>FSY0014171147</NtryRef><Amt Ccy="EUR">30</Amt><CdtDbtInd>CRDT</CdtDbtInd><RvslInd>false</RvslInd><Sts>BOOK</Sts><BookgDt><Dt>2023-02-25</Dt></BookgDt><ValDt><Dt>2023-02-25</Dt></ValDt><BkTxCd><Prtry><Cd>10000403000</Cd><Issr>SBA</Issr></Prtry></BkTxCd><NtryDtls><TxDtls><Refs><AcctSvcrRef>F001250220234171200</AcctSvcrRef><EndToEndId>/VS300/SS/KS</EndToEndId></Refs><BkTxCd><Prtry><Cd>10000403000</Cd><Issr>SBA</Issr></Prtry></BkTxCd><RltdPties><DbtrAcct><Id><IBAN>SK9609000000005032105299</IBAN></Id><Nm>Reszetarova Anezka</Nm></DbtrAcct><CdtrAcct><Id><IBAN>SK8809000000005149764503</IBAN></Id><Nm>Papezske misijne diela</Nm></CdtrAcct></RltdPties><RltdAgts><DbtrAgt><FinInstnId><BIC>GIBASKBX</BIC></FinInstnId></DbtrAgt><CdtrAgt><FinInstnId><BIC>GIBASKBX</BIC></FinInstnId></CdtrAgt></RltdAgts><RmtInf><Ustrd>Bezhotovostny vklad</Ustrd></RmtInf></TxDtls></NtryDtls></Ntry>
<Ntry><NtryRef>FSY0014185004</NtryRef><Amt Ccy="EUR">50</Amt><CdtDbtInd>CRDT</CdtDbtInd><RvslInd>false</RvslInd><Sts>BOOK</Sts><BookgDt><Dt>2023-02-25</Dt></BookgDt><ValDt><Dt>2023-02-25</Dt></ValDt><BkTxCd><Prtry><Cd>10000403000</Cd><Issr>SBA</Issr></Prtry></BkTxCd><NtryDtls><TxDtls><Refs><AcctSvcrRef>F001250220234185034</AcctSvcrRef><EndToEndId>/VS320/SS/KS</EndToEndId></Refs><BkTxCd><Prtry><Cd>10000403000</Cd><Issr>SBA</Issr></Prtry></BkTxCd><RltdPties><DbtrAcct><Id><IBAN>SK3709000000005144347874</IBAN></Id><Nm>Safarik Mario</Nm></DbtrAcct><CdtrAcct><Id><IBAN>SK8809000000005149764503</IBAN></Id><Nm>Papezske misijne diela</Nm></CdtrAcct></RltdPties><RltdAgts><DbtrAgt><FinInstnId><BIC>GIBASKBX</BIC></FinInstnId></DbtrAgt><CdtrAgt><FinInstnId><BIC>GIBASKBX</BIC></FinInstnId></CdtrAgt></RltdAgts><RmtInf><Ustrd>adopcia bohoslovca</Ustrd></RmtInf></TxDtls></NtryDtls></Ntry>
<Ntry><NtryRef>FSY0014226829</NtryRef><Amt Ccy="EUR">60</Amt><CdtDbtInd>CRDT</CdtDbtInd><RvslInd>false</RvslInd><Sts>BOOK</Sts><BookgDt><Dt>2023-02-25</Dt></BookgDt><ValDt><Dt>2023-02-25</Dt></ValDt><BkTxCd><Prtry><Cd>10000403000</Cd><Issr>SBA</Issr></Prtry></BkTxCd><NtryDtls><TxDtls><Refs><AcctSvcrRef>F001250220234226871</AcctSvcrRef><EndToEndId>/VS300/SS/KS</EndToEndId></Refs><BkTxCd><Prtry><Cd>10000403000</Cd><Issr>SBA</Issr></Prtry></BkTxCd><RltdPties><DbtrAcct><Id><IBAN>SK0809000000000010476344</IBAN></Id><Nm>Skalicanova Helena</Nm></DbtrAcct><CdtrAcct><Id><IBAN>SK8809000000005149764503</IBAN></Id><Nm>Papezske misijne diela</Nm></CdtrAcct></RltdPties><RltdAgts><DbtrAgt><FinInstnId><BIC>GIBASKBX</BIC></FinInstnId></DbtrAgt><CdtrAgt><FinInstnId><BIC>GIBASKBX</BIC></FinInstnId></CdtrAgt></RltdAgts><RmtInf><Ustrd>Bezhotovostny vklad</Ustrd></RmtInf></TxDtls></NtryDtls></Ntry>
<Ntry><NtryRef>FSY0014229718</NtryRef><Amt Ccy="EUR">10</Amt><CdtDbtInd>CRDT</CdtDbtInd><RvslInd>false</RvslInd><Sts>BOOK</Sts><BookgDt><Dt>2023-02-25</Dt></BookgDt><ValDt><Dt>2023-02-25</Dt></ValDt><BkTxCd><Prtry><Cd>10000403000</Cd><Issr>SBA</Issr></Prtry></BkTxCd><NtryDtls><TxDtls><Refs><AcctSvcrRef>F001250220234229766</AcctSvcrRef><EndToEndId>/VS100/SS/KS</EndToEndId></Refs><BkTxCd><Prtry><Cd>10000403000</Cd><Issr>SBA</Issr></Prtry></BkTxCd><RltdPties><DbtrAcct><Id><IBAN>SK6309000000000076347860</IBAN></Id><Nm>Majercikova Emilia</Nm></DbtrAcct><CdtrAcct><Id><IBAN>SK8809000000005149764503</IBAN></Id><Nm>Papezske misijne diela</Nm></CdtrAcct></RltdPties><RltdAgts><DbtrAgt><FinInstnId><BIC>GIBASKBX</BIC></FinInstnId></DbtrAgt><CdtrAgt><FinInstnId><BIC>GIBASKBX</BIC></FinInstnId></CdtrAgt></RltdAgts><RmtInf><Ustrd>emilia.majercikova@centrum.cz</Ustrd></RmtInf></TxDtls></NtryDtls></Ntry>
<Ntry><NtryRef>FSY0014268604</NtryRef><Amt Ccy="EUR">10</Amt><CdtDbtInd>CRDT</CdtDbtInd><RvslInd>false</RvslInd><Sts>BOOK</Sts><BookgDt><Dt>2023-02-25</Dt></BookgDt><ValDt><Dt>2023-02-25</Dt></ValDt><BkTxCd><Prtry><Cd>10000403000</Cd><Issr>SBA</Issr></Prtry></BkTxCd><NtryDtls><TxDtls><Refs><AcctSvcrRef>F001250220234268663</AcctSvcrRef><EndToEndId>/VS555/SS/KS</EndToEndId></Refs><BkTxCd><Prtry><Cd>10000403000</Cd><Issr>SBA</Issr></Prtry></BkTxCd><RltdPties><DbtrAcct><Id><IBAN>SK0609000000000502595016</IBAN></Id><Nm>Habocikova Martina</Nm></DbtrAcct><CdtrAcct><Id><IBAN>SK8809000000005149764503</IBAN></Id><Nm>Papezske misijne diela</Nm></CdtrAcct></RltdPties><RltdAgts><DbtrAgt><FinInstnId><BIC>GIBASKBX</BIC></FinInstnId></DbtrAgt><CdtrAgt><FinInstnId><BIC>GIBASKBX</BIC></FinInstnId></CdtrAgt></RltdAgts><RmtInf><Ustrd>Martina Habocikova</Ustrd></RmtInf></TxDtls></NtryDtls></Ntry>
<Ntry><NtryRef>FSY0014276527</NtryRef><Amt Ccy="EUR">10</Amt><CdtDbtInd>CRDT</CdtDbtInd><RvslInd>false</RvslInd><Sts>BOOK</Sts><BookgDt><Dt>2023-02-25</Dt></BookgDt><ValDt><Dt>2023-02-25</Dt></ValDt><BkTxCd><Prtry><Cd>10000403000</Cd><Issr>SBA</Issr></Prtry></BkTxCd><NtryDtls><TxDtls><Refs><AcctSvcrRef>F001250220234276579</AcctSvcrRef><EndToEndId>NOTPROVIDED</EndToEndId></Refs><BkTxCd><Prtry><Cd>10000403000</Cd><Issr>SBA</Issr></Prtry></BkTxCd><RltdPties><DbtrAcct><Id><IBAN>SK0809000000000063425540</IBAN></Id><Nm>Jarosova Helena</Nm></DbtrAcct><CdtrAcct><Id><IBAN>SK8809000000005149764503</IBAN></Id><Nm>Papezske misijne diela</Nm></CdtrAcct></RltdPties><RltdAgts><DbtrAgt><FinInstnId><BIC>GIBASKBX</BIC></FinInstnId></DbtrAgt><CdtrAgt><FinInstnId><BIC>GIBASKBX</BIC></FinInstnId></CdtrAgt></RltdAgts><RmtInf><Ustrd>Bezhotovostny vklad</Ustrd></RmtInf></TxDtls></NtryDtls></Ntry>
<Ntry><NtryRef>FSY0014284722</NtryRef><Amt Ccy="EUR">10</Amt><CdtDbtInd>CRDT</CdtDbtInd><RvslInd>false</RvslInd><Sts>BOOK</Sts><BookgDt><Dt>2023-02-25</Dt></BookgDt><ValDt><Dt>2023-02-25</Dt></ValDt><BkTxCd><Prtry><Cd>10000403000</Cd><Issr>SBA</Issr></Prtry></BkTxCd><NtryDtls><TxDtls><Refs><AcctSvcrRef>F001250220234284773</AcctSvcrRef><EndToEndId>/VS7171/SS/KS</EndToEndId></Refs><BkTxCd><Prtry><Cd>10000403000</Cd><Issr>SBA</Issr></Prtry></BkTxCd><RltdPties><DbtrAcct><Id><IBAN>SK8609000000005177816454</IBAN></Id><Nm>Katarina Bezillova</Nm></DbtrAcct><CdtrAcct><Id><IBAN>SK8809000000005149764503</IBAN></Id><Nm>Papezske misijne diela</Nm></CdtrAcct></RltdPties><RltdAgts><DbtrAgt><FinInstnId><BIC>GIBASKBX</BIC></FinInstnId></DbtrAgt><CdtrAgt><FinInstnId><BIC>GIBASKBX</BIC></FinInstnId></CdtrAgt></RltdAgts><RmtInf><Ustrd>K.Bezillova misijny samaritan</Ustrd></RmtInf></TxDtls></NtryDtls></Ntry>
<Ntry><NtryRef>FSY0014292799</NtryRef><Amt Ccy="EUR">50</Amt><CdtDbtInd>CRDT</CdtDbtInd><RvslInd>false</RvslInd><Sts>BOOK</Sts><BookgDt><Dt>2023-02-25</Dt></BookgDt><ValDt><Dt>2023-02-25</Dt></ValDt><BkTxCd><Prtry><Cd>10000403000</Cd><Issr>SBA</Issr></Prtry></BkTxCd><NtryDtls><TxDtls><Refs><AcctSvcrRef>F001250220234292838</AcctSvcrRef><EndToEndId>/VS320/SS/KS0308</EndToEndId></Refs><BkTxCd><Prtry><Cd>10000403000</Cd><Issr>SBA</Issr></Prtry></BkTxCd><RltdPties><DbtrAcct><Id><IBAN>SK5109000000000048110794</IBAN></Id><Nm>Silna Katarina</Nm></DbtrAcct><CdtrAcct><Id><IBAN>SK8809000000005149764503</IBAN></Id><Nm>Papezske misijne diela</Nm></CdtrAcct></RltdPties><RltdAgts><DbtrAgt><FinInstnId><BIC>GIBASKBX</BIC></FinInstnId></DbtrAgt><CdtrAgt><FinInstnId><BIC>GIBASKBX</BIC></FinInstnId></CdtrAgt></RltdAgts><RmtInf><Ustrd>podpora seminaristu</Ustrd></RmtInf></TxDtls></NtryDtls></Ntry>
<Ntry><NtryRef>FSY0014302800</NtryRef><Amt Ccy="EUR">10</Amt><CdtDbtInd>CRDT</CdtDbtInd><RvslInd>false</RvslInd><Sts>BOOK</Sts><BookgDt><Dt>2023-02-25</Dt></BookgDt><ValDt><Dt>2023-02-25</Dt></ValDt><BkTxCd><Prtry><Cd>10000403000</Cd><Issr>SBA</Issr></Prtry></BkTxCd><NtryDtls><TxDtls><Refs><AcctSvcrRef>F001250220234302826</AcctSvcrRef><EndToEndId>/VS7171/SS/KS</EndToEndId></Refs><BkTxCd><Prtry><Cd>10000403000</Cd><Issr>SBA</Issr></Prtry></BkTxCd><RltdPties><DbtrAcct><Id><IBAN>SK4909000000000171478922</IBAN></Id><Nm>Slivon Slavomir</Nm></DbtrAcct><CdtrAcct><Id><IBAN>SK8809000000005149764503</IBAN></Id><Nm>Papezske misijne diela</Nm></CdtrAcct></RltdPties><RltdAgts><DbtrAgt><FinInstnId><BIC>GIBASKBX</BIC></FinInstnId></DbtrAgt><CdtrAgt><FinInstnId><BIC>GIBASKBX</BIC></FinInstnId></CdtrAgt></RltdAgts><RmtInf><Ustrd>Misijne dielo deti - mesacna platba</Ustrd></RmtInf></TxDtls></NtryDtls></Ntry>
<Ntry><NtryRef>FSY0014331351</NtryRef><Amt Ccy="EUR">50</Amt><CdtDbtInd>CRDT</CdtDbtInd><RvslInd>false</RvslInd><Sts>BOOK</Sts><BookgDt><Dt>2023-02-25</Dt></BookgDt><ValDt><Dt>2023-02-25</Dt></ValDt><BkTxCd><Prtry><Cd>10000403000</Cd><Issr>SBA</Issr></Prtry></BkTxCd><NtryDtls><TxDtls><Refs><AcctSvcrRef>F001250220234331391</AcctSvcrRef><EndToEndId>/VS320/SS/KS</EndToEndId></Refs><BkTxCd><Prtry><Cd>10000403000</Cd><Issr>SBA</Issr></Prtry></BkTxCd><RltdPties><DbtrAcct><Id><IBAN>SK8209000000000320259062</IBAN></Id><Nm>Kabacova Eva</Nm></DbtrAcct><CdtrAcct><Id><IBAN>SK8809000000005149764503</IBAN></Id><Nm>Papezske misijne diela</Nm></CdtrAcct></RltdPties><RltdAgts><DbtrAgt><FinInstnId><BIC>GIBASKBX</BIC></FinInstnId></DbtrAgt><CdtrAgt><FinInstnId><BIC>GIBASKBX</BIC></FinInstnId></CdtrAgt></RltdAgts><RmtInf><Ustrd>Bezhotovostny vklad</Ustrd></RmtInf></TxDtls></NtryDtls></Ntry>
<Ntry><NtryRef>FSY0014336292</NtryRef><Amt Ccy="EUR">10</Amt><CdtDbtInd>CRDT</CdtDbtInd><RvslInd>false</RvslInd><Sts>BOOK</Sts><BookgDt><Dt>2023-02-25</Dt></BookgDt><ValDt><Dt>2023-02-25</Dt></ValDt><BkTxCd><Prtry><Cd>10000403000</Cd><Issr>SBA</Issr></Prtry></BkTxCd><NtryDtls><TxDtls><Refs><AcctSvcrRef>F001250220234336319</AcctSvcrRef><EndToEndId>/VS7171/SS/KS0558</EndToEndId></Refs><BkTxCd><Prtry><Cd>10000403000</Cd><Issr>SBA</Issr></Prtry></BkTxCd><RltdPties><DbtrAcct><Id><IBAN>SK4509000000000103821688</IBAN></Id><Nm>Musinska Bozena</Nm></DbtrAcct><CdtrAcct><Id><IBAN>SK8809000000005149764503</IBAN></Id><Nm>Papezske misijne diela</Nm></CdtrAcct></RltdPties><RltdAgts><DbtrAgt><FinInstnId><BIC>GIBASKBX</BIC></FinInstnId></DbtrAgt><CdtrAgt><FinInstnId><BIC>GIBASKBX</BIC></FinInstnId></CdtrAgt></RltdAgts><RmtInf><Ustrd>Bezhotovostny vklad</Ustrd></RmtInf></TxDtls></NtryDtls></Ntry>
<Ntry><NtryRef>FSY0014336447</NtryRef><Amt Ccy="EUR">50</Amt><CdtDbtInd>CRDT</CdtDbtInd><RvslInd>false</RvslInd><Sts>BOOK</Sts><BookgDt><Dt>2023-02-25</Dt></BookgDt><ValDt><Dt>2023-02-25</Dt></ValDt><BkTxCd><Prtry><Cd>10000403000</Cd><Issr>SBA</Issr></Prtry></BkTxCd><NtryDtls><TxDtls><Refs><AcctSvcrRef>F001250220234336491</AcctSvcrRef><EndToEndId>/VS320/SS/KS</EndToEndId></Refs><BkTxCd><Prtry><Cd>10000403000</Cd><Issr>SBA</Issr></Prtry></BkTxCd><RltdPties><DbtrAcct><Id><IBAN>SK8809000000000500841332</IBAN></Id><Nm>Andrasova Martina</Nm></DbtrAcct><CdtrAcct><Id><IBAN>SK8809000000005149764503</IBAN></Id><Nm>Papezske misijne diela</Nm></CdtrAcct></RltdPties><RltdAgts><DbtrAgt><FinInstnId><BIC>GIBASKBX</BIC></FinInstnId></DbtrAgt><CdtrAgt><FinInstnId><BIC>GIBASKBX</BIC></FinInstnId></CdtrAgt></RltdAgts><RmtInf><Ustrd>Spojena skola Lipany - adopcia bohoslovca</Ustrd></RmtInf></TxDtls></NtryDtls></Ntry>
<Ntry><NtryRef>FSY0014344920</NtryRef><Amt Ccy="EUR">10</Amt><CdtDbtInd>CRDT</CdtDbtInd><RvslInd>false</RvslInd><Sts>BOOK</Sts><BookgDt><Dt>2023-02-25</Dt></BookgDt><ValDt><Dt>2023-02-25</Dt></ValDt><BkTxCd><Prtry><Cd>10000403000</Cd><Issr>SBA</Issr></Prtry></BkTxCd><NtryDtls><TxDtls><Refs><AcctSvcrRef>F001250220234344953</AcctSvcrRef><EndToEndId>/VS7171/SS/KS</EndToEndId></Refs><BkTxCd><Prtry><Cd>10000403000</Cd><Issr>SBA</Issr></Prtry></BkTxCd><RltdPties><DbtrAcct><Id><IBAN>SK1009000000000273702104</IBAN></Id><Nm>Hlavacova Katarina</Nm></DbtrAcct><CdtrAcct><Id><IBAN>SK8809000000005149764503</IBAN></Id><Nm>Papezske misijne diela</Nm></CdtrAcct></RltdPties><RltdAgts><DbtrAgt><FinInstnId><BIC>GIBASKBX</BIC></FinInstnId></DbtrAgt><CdtrAgt><FinInstnId><BIC>GIBASKBX</BIC></FinInstnId></CdtrAgt></RltdAgts><RmtInf><Ustrd>Hlavacova, Trencin</Ustrd></RmtInf></TxDtls></NtryDtls></Ntry>
<Ntry><NtryRef>FSY0014354814</NtryRef><Amt Ccy="EUR">50</Amt><CdtDbtInd>CRDT</CdtDbtInd><RvslInd>false</RvslInd><Sts>BOOK</Sts><BookgDt><Dt>2023-02-25</Dt></BookgDt><ValDt><Dt>2023-02-25</Dt></ValDt><BkTxCd><Prtry><Cd>10000403000</Cd><Issr>SBA</Issr></Prtry></BkTxCd><NtryDtls><TxDtls><Refs><AcctSvcrRef>F001250220234354845</AcctSvcrRef><EndToEndId>/VS320/SS/KS</EndToEndId></Refs><BkTxCd><Prtry><Cd>10000403000</Cd><Issr>SBA</Issr></Prtry></BkTxCd><RltdPties><DbtrAcct><Id><IBAN>SK4009000000000028534258</IBAN></Id><Nm>LECKY JOZEF</Nm></DbtrAcct><CdtrAcct><Id><IBAN>SK8809000000005149764503</IBAN></Id><Nm>Papezske misijne diela</Nm></CdtrAcct></RltdPties><RltdAgts><DbtrAgt><FinInstnId><BIC>GIBASKBX</BIC></FinInstnId></DbtrAgt><CdtrAgt><FinInstnId><BIC>GIBASKBX</BIC></FinInstnId></CdtrAgt></RltdAgts><RmtInf><Ustrd>Bezhotovostny vklad</Ustrd></RmtInf></TxDtls></NtryDtls></Ntry>
<Ntry><NtryRef>FSY0014381968</NtryRef><Amt Ccy="EUR">5</Amt><CdtDbtInd>CRDT</CdtDbtInd><RvslInd>false</RvslInd><Sts>BOOK</Sts><BookgDt><Dt>2023-02-25</Dt></BookgDt><ValDt><Dt>2023-02-25</Dt></ValDt><BkTxCd><Prtry><Cd>10000403000</Cd><Issr>SBA</Issr></Prtry></BkTxCd><NtryDtls><TxDtls><Refs><AcctSvcrRef>F001250220234381969</AcctSvcrRef><EndToEndId>/VS333/SS50021/KS</EndToEndId></Refs><BkTxCd><Prtry><Cd>10000403000</Cd><Issr>SBA</Issr></Prtry></BkTxCd><RltdPties><DbtrAcct><Id><IBAN>SK9209000000000109220832</IBAN></Id><Nm>Sopkova Viera</Nm></DbtrAcct><CdtrAcct><Id><IBAN>SK8809000000005149764503</IBAN></Id><Nm>Papezske misijne diela</Nm></CdtrAcct></RltdPties><RltdAgts><DbtrAgt><FinInstnId><BIC>GIBASKBX</BIC></FinInstnId></DbtrAgt><CdtrAgt><FinInstnId><BIC>GIBASKBX</BIC></FinInstnId></CdtrAgt></RltdAgts><RmtInf><Ustrd>Bezhotovostny vklad</Ustrd></RmtInf></TxDtls></NtryDtls></Ntry>
<Ntry><NtryRef>FSY0014390375</NtryRef><Amt Ccy="EUR">17</Amt><CdtDbtInd>CRDT</CdtDbtInd><RvslInd>false</RvslInd><Sts>BOOK</Sts><BookgDt><Dt>2023-02-25</Dt></BookgDt><ValDt><Dt>2023-02-25</Dt></ValDt><BkTxCd><Prtry><Cd>10000403000</Cd><Issr>SBA</Issr></Prtry></BkTxCd><NtryDtls><TxDtls><Refs><AcctSvcrRef>F001250220234390376</AcctSvcrRef><EndToEndId>/VS77792408/SS/KS</EndToEndId></Refs><BkTxCd><Prtry><Cd>10000403000</Cd><Issr>SBA</Issr></Prtry></BkTxCd><RltdPties><DbtrAcct><Id><IBAN>SK0709000000000578090583</IBAN></Id><Nm>Andrejcikova Renata</Nm></DbtrAcct><CdtrAcct><Id><IBAN>SK8809000000005149764503</IBAN></Id><Nm>Papezske misijne diela</Nm></CdtrAcct></RltdPties><RltdAgts><DbtrAgt><FinInstnId><BIC>GIBASKBX</BIC></FinInstnId></DbtrAgt><CdtrAgt><FinInstnId><BIC>GIBASKBX</BIC></FinInstnId></CdtrAgt></RltdAgts><RmtInf><Ustrd>1.sv.omsa renata.andrejcikova</Ustrd></RmtInf></TxDtls></NtryDtls></Ntry>
<Ntry><NtryRef>OO23022500002268</NtryRef><Amt Ccy="EUR">100</Amt><CdtDbtInd>CRDT</CdtDbtInd><RvslInd>false</RvslInd><Sts>BOOK</Sts><BookgDt><Dt>2023-02-25</Dt></BookgDt><ValDt><Dt>2023-02-25</Dt></ValDt><BkTxCd><Prtry><Cd>10000405000</Cd><Issr>SBA</Issr></Prtry></BkTxCd><NtryDtls><TxDtls><Refs><AcctSvcrRef>F001250220234397012</AcctSvcrRef><EndToEndId>/VS333/SS/KS</EndToEndId></Refs><BkTxCd><Prtry><Cd>10000405000</Cd><Issr>SBA</Issr></Prtry></BkTxCd><RltdPties><DbtrAcct><Id><IBAN>SK9711000000002615418779</IBAN></Id><Nm>Duboczi Jaroslav ml.</Nm></DbtrAcct><CdtrAcct><Id><IBAN>SK8809000000005149764503</IBAN></Id><Nm>Papezske misijne diela</Nm></CdtrAcct></RltdPties><RltdAgts><DbtrAgt><FinInstnId><BIC>TATRSKBX</BIC></FinInstnId></DbtrAgt><CdtrAgt><FinInstnId><BIC>GIBASKBX</BIC></FinInstnId></CdtrAgt></RltdAgts><RmtInf><Ustrd>Bezhotovostny vklad-okamzita platba</Ustrd></RmtInf></TxDtls></NtryDtls></Ntry>
<Ntry><NtryRef>OO23022500002418</NtryRef><Amt Ccy="EUR">50</Amt><CdtDbtInd>CRDT</CdtDbtInd><RvslInd>false</RvslInd><Sts>BOOK</Sts><BookgDt><Dt>2023-02-25</Dt></BookgDt><ValDt><Dt>2023-02-25</Dt></ValDt><BkTxCd><Prtry><Cd>10000405000</Cd><Issr>SBA</Issr></Prtry></BkTxCd><NtryDtls><TxDtls><Refs><AcctSvcrRef>F001250220234399275</AcctSvcrRef><EndToEndId>/VS77792411/SS/KS</EndToEndId></Refs><BkTxCd><Prtry><Cd>10000405000</Cd><Issr>SBA</Issr></Prtry></BkTxCd><RltdPties><DbtrAcct><Id><IBAN>SK4211000000002614007740</IBAN></Id><Nm>Hianik Lubos, Ing.</Nm></DbtrAcct><CdtrAcct><Id><IBAN>SK8809000000005149764503</IBAN></Id><Nm>Papezske misijne diela</Nm></CdtrAcct></RltdPties><RltdAgts><DbtrAgt><FinInstnId><BIC>TATRSKBX</BIC></FinInstnId></DbtrAgt><CdtrAgt><FinInstnId><BIC>GIBASKBX</BIC></FinInstnId></CdtrAgt></RltdAgts><RmtInf><Ustrd>Lubos.hianik@gmail.com- za D. Bernard</Ustrd></RmtInf></TxDtls></NtryDtls></Ntry>
<Ntry><NtryRef>FSY0014404207</NtryRef><Amt Ccy="EUR">10</Amt><CdtDbtInd>CRDT</CdtDbtInd><RvslInd>false</RvslInd><Sts>BOOK</Sts><BookgDt><Dt>2023-02-25</Dt></BookgDt><ValDt><Dt>2023-02-25</Dt></ValDt><BkTxCd><Prtry><Cd>10000403000</Cd><Issr>SBA</Issr></Prtry></BkTxCd><NtryDtls><TxDtls><Refs><AcctSvcrRef>F001250220234404208</AcctSvcrRef><EndToEndId>NOTPROVIDED</EndToEndId></Refs><BkTxCd><Prtry><Cd>10000403000</Cd><Issr>SBA</Issr></Prtry></BkTxCd><RltdPties><DbtrAcct><Id><IBAN>SK1609000000005139554027</IBAN></Id><Nm>Sunokova Monika</Nm></DbtrAcct><CdtrAcct><Id><IBAN>SK8809000000005149764503</IBAN></Id><Nm>Papezske misijne diela</Nm></CdtrAcct></RltdPties><RltdAgts><DbtrAgt><FinInstnId><BIC>GIBASKBX</BIC></FinInstnId></DbtrAgt><CdtrAgt><FinInstnId><BIC>GIBASKBX</BIC></FinInstnId></CdtrAgt></RltdAgts><RmtInf><Ustrd>77792412</Ustrd></RmtInf></TxDtls></NtryDtls></Ntry>
<Ntry><NtryRef>FSY0014406305</NtryRef><Amt Ccy="EUR">10</Amt><CdtDbtInd>CRDT</CdtDbtInd><RvslInd>false</RvslInd><Sts>BOOK</Sts><BookgDt><Dt>2023-02-25</Dt></BookgDt><ValDt><Dt>2023-02-25</Dt></ValDt><BkTxCd><Prtry><Cd>10000403000</Cd><Issr>SBA</Issr></Prtry></BkTxCd><NtryDtls><TxDtls><Refs><AcctSvcrRef>F001250220234406306</AcctSvcrRef><EndToEndId>/VS777/SS/KS</EndToEndId></Refs><BkTxCd><Prtry><Cd>10000403000</Cd><Issr>SBA</Issr></Prtry></BkTxCd><RltdPties><DbtrAcct><Id><IBAN>SK5009000000000447885642</IBAN></Id><Nm>Kalafusova Katarina</Nm></DbtrAcct><CdtrAcct><Id><IBAN>SK8809000000005149764503</IBAN></Id><Nm>Papezske misijne diela</Nm></CdtrAcct></RltdPties><RltdAgts><DbtrAgt><FinInstnId><BIC>GIBASKBX</BIC></FinInstnId></DbtrAgt><CdtrAgt><FinInstnId><BIC>GIBASKBX</BIC></FinInstnId></CdtrAgt></RltdAgts><RmtInf><Ustrd>za dusu uja Dvorcaka</Ustrd></RmtInf></TxDtls></NtryDtls></Ntry>
<Ntry><NtryRef>OO23022500003024</NtryRef><Amt Ccy="EUR">10</Amt><CdtDbtInd>CRDT</CdtDbtInd><RvslInd>false</RvslInd><Sts>BOOK</Sts><BookgDt><Dt>2023-02-25</Dt></BookgDt><ValDt><Dt>2023-02-25</Dt></ValDt><BkTxCd><Prtry><Cd>10000405000</Cd><Issr>SBA</Issr></Prtry></BkTxCd><NtryDtls><TxDtls><Refs><AcctSvcrRef>F001250220234406760</AcctSvcrRef><EndToEndId>/VS772413/SS/KS</EndToEndId></Refs><BkTxCd><Prtry><Cd>10000405000</Cd><Issr>SBA</Issr></Prtry></BkTxCd><RltdPties><DbtrAcct><Id><IBAN>SK8411000000002937176549</IBAN></Id><Nm>Szendeova Laura</Nm></DbtrAcct><CdtrAcct><Id><IBAN>SK8809000000005149764503</IBAN></Id><Nm>Papezske misijne diela</Nm></CdtrAcct></RltdPties><RltdAgts><DbtrAgt><FinInstnId><BIC>TATRSKBX</BIC></FinInstnId></DbtrAgt><CdtrAgt><FinInstnId><BIC>GIBASKBX</BIC></FinInstnId></CdtrAgt></RltdAgts><RmtInf><Ustrd>lgieratova@gmail.com</Ustrd></RmtInf></TxDtls></NtryDtls></Ntry>
<Ntry><NtryRef>OO23022500003122</NtryRef><Amt Ccy="EUR">10</Amt><CdtDbtInd>CRDT</CdtDbtInd><RvslInd>false</RvslInd><Sts>BOOK</Sts><BookgDt><Dt>2023-02-25</Dt></BookgDt><ValDt><Dt>2023-02-25</Dt></ValDt><BkTxCd><Prtry><Cd>10000405000</Cd><Issr>SBA</Issr></Prtry></BkTxCd><NtryDtls><TxDtls><Refs><AcctSvcrRef>F001250220234408186</AcctSvcrRef><EndToEndId>/VS77792414/SS/KS</EndToEndId></Refs><BkTxCd><Prtry><Cd>10000405000</Cd><Issr>SBA</Issr></Prtry></BkTxCd><RltdPties><DbtrAcct><Id><IBAN>SK8411000000002937176549</IBAN></Id><Nm>Szendeova Laura</Nm></DbtrAcct><CdtrAcct><Id><IBAN>SK8809000000005149764503</IBAN></Id><Nm>Papezske misijne diela</Nm></CdtrAcct></RltdPties><RltdAgts><DbtrAgt><FinInstnId><BIC>TATRSKBX</BIC></FinInstnId></DbtrAgt><CdtrAgt><FinInstnId><BIC>GIBASKBX</BIC></FinInstnId></CdtrAgt></RltdAgts><RmtInf><Ustrd>Bezhotovostny vklad-okamzita platba</Ustrd></RmtInf></TxDtls></NtryDtls></Ntry>
<Ntry><NtryRef>f445d3739f3054768f230b753f2688</NtryRef><Amt Ccy="EUR">170</Amt><CdtDbtInd>CRDT</CdtDbtInd><RvslInd>false</RvslInd><Sts>BOOK</Sts><BookgDt><Dt>2023-02-25</Dt></BookgDt><ValDt><Dt>2023-02-25</Dt></ValDt><BkTxCd><Prtry><Cd>10000405000</Cd><Issr>SBA</Issr></Prtry></BkTxCd><NtryDtls><TxDtls><Refs><AcctSvcrRef>F001250220234412275</AcctSvcrRef><EndToEndId>NOTPROVIDED</EndToEndId></Refs><BkTxCd><Prtry><Cd>10000405000</Cd><Issr>SBA</Issr></Prtry></BkTxCd><RltdPties><DbtrAcct><Id><IBAN>NL64BUNQ2047690641</IBAN></Id><Nm>H. Moskova</Nm></DbtrAcct><CdtrAcct><Id><IBAN>SK8809000000005149764503</IBAN></Id><Nm>Papezske misijne diela</Nm></CdtrAcct></RltdPties><RltdAgts><DbtrAgt><FinInstnId><BIC>BUNQNL2A</BIC></FinInstnId></DbtrAgt><CdtrAgt><FinInstnId><BIC>GIBASKBX</BIC></FinInstnId></CdtrAgt></RltdAgts><RmtInf><Ustrd>77792415</Ustrd></RmtInf></TxDtls></NtryDtls></Ntry>
<Ntry><NtryRef>OO23022500003815</NtryRef><Amt Ccy="EUR">65</Amt><CdtDbtInd>CRDT</CdtDbtInd><RvslInd>false</RvslInd><Sts>BOOK</Sts><BookgDt><Dt>2023-02-25</Dt></BookgDt><ValDt><Dt>2023-02-25</Dt></ValDt><BkTxCd><Prtry><Cd>10000405000</Cd><Issr>SBA</Issr></Prtry></BkTxCd><NtryDtls><TxDtls><Refs><AcctSvcrRef>F001250220234417205</AcctSvcrRef><EndToEndId>/VS333/SS/KS</EndToEndId></Refs><BkTxCd><Prtry><Cd>10000405000</Cd><Issr>SBA</Issr></Prtry></BkTxCd><RltdPties><DbtrAcct><Id><IBAN>SK0511000000008014183676</IBAN></Id><Nm>Balkova Maria</Nm></DbtrAcct><CdtrAcct><Id><IBAN>SK8809000000005149764503</IBAN></Id><Nm>Papezske misijne diela</Nm></CdtrAcct></RltdPties><RltdAgts><DbtrAgt><FinInstnId><BIC>TATRSKBX</BIC></FinInstnId></DbtrAgt><CdtrAgt><FinInstnId><BIC>GIBASKBX</BIC></FinInstnId></CdtrAgt></RltdAgts><RmtInf><Ustrd>Adresa alebo mail (333): Zbehy 94,95142</Ustrd></RmtInf></TxDtls></NtryDtls></Ntry>
<Ntry><NtryRef>FSY0014417564</NtryRef><Amt Ccy="EUR">50</Amt><CdtDbtInd>CRDT</CdtDbtInd><RvslInd>false</RvslInd><Sts>BOOK</Sts><BookgDt><Dt>2023-02-25</Dt></BookgDt><ValDt><Dt>2023-02-25</Dt></ValDt><BkTxCd><Prtry><Cd>10000403000</Cd><Issr>SBA</Issr></Prtry></BkTxCd><NtryDtls><TxDtls><Refs><AcctSvcrRef>F001250220234417566</AcctSvcrRef><EndToEndId>/VS77792416/SS/KS</EndToEndId></Refs><BkTxCd><Prtry><Cd>10000403000</Cd><Issr>SBA</Issr></Prtry></BkTxCd><RltdPties><DbtrAcct><Id><IBAN>SK3009000000005136446477</IBAN></Id><Nm>Macekova Maria</Nm></DbtrAcct><CdtrAcct><Id><IBAN>SK8809000000005149764503</IBAN></Id><Nm>Papezske misijne diela</Nm></CdtrAcct></RltdPties><RltdAgts><DbtrAgt><FinInstnId><BIC>GIBASKBX</BIC></FinInstnId></DbtrAgt><CdtrAgt><FinInstnId><BIC>GIBASKBX</BIC></FinInstnId></CdtrAgt></RltdAgts><RmtInf><Ustrd>Bezhotovostny vklad</Ustrd></RmtInf></TxDtls></NtryDtls></Ntry>
<Ntry><NtryRef>FSY0014422172</NtryRef><Amt Ccy="EUR">50</Amt><CdtDbtInd>CRDT</CdtDbtInd><RvslInd>false</RvslInd><Sts>BOOK</Sts><BookgDt><Dt>2023-02-25</Dt></BookgDt><ValDt><Dt>2023-02-25</Dt></ValDt><BkTxCd><Prtry><Cd>10000403000</Cd><Issr>SBA</Issr></Prtry></BkTxCd><NtryDtls><TxDtls><Refs><AcctSvcrRef>F001250220234422174</AcctSvcrRef><EndToEndId>/VS77792418/SS/KS</EndToEndId></Refs><BkTxCd><Prtry><Cd>10000403000</Cd><Issr>SBA</Issr></Prtry></BkTxCd><RltdPties><DbtrAcct><Id><IBAN>SK0909000000000420449445</IBAN></Id><Nm>Rybarova Bozena,Rybar Adam</Nm></DbtrAcct><CdtrAcct><Id><IBAN>SK8809000000005149764503</IBAN></Id><Nm>Papezske misijne diela</Nm></CdtrAcct></RltdPties><RltdAgts><DbtrAgt><FinInstnId><BIC>GIBASKBX</BIC></FinInstnId></DbtrAgt><CdtrAgt><FinInstnId><BIC>GIBASKBX</BIC></FinInstnId></CdtrAgt></RltdAgts><RmtInf><Ustrd>cuchrik@gmail.com</Ustrd></RmtInf></TxDtls></NtryDtls></Ntry>
<Ntry><NtryRef>FSY0014458068</NtryRef><Amt Ccy="EUR">10</Amt><CdtDbtInd>CRDT</CdtDbtInd><RvslInd>false</RvslInd><Sts>BOOK</Sts><BookgDt><Dt>2023-02-25</Dt></BookgDt><ValDt><Dt>2023-02-25</Dt></ValDt><BkTxCd><Prtry><Cd>10000403000</Cd><Issr>SBA</Issr></Prtry></BkTxCd><NtryDtls><TxDtls><Refs><AcctSvcrRef>F001250220234458069</AcctSvcrRef><EndToEndId>NOTPROVIDED</EndToEndId></Refs><BkTxCd><Prtry><Cd>10000403000</Cd><Issr>SBA</Issr></Prtry></BkTxCd><RltdPties><DbtrAcct><Id><IBAN>SK9209000000000086859907</IBAN></Id><Nm>Lonc Jozef, Loncova Stefania</Nm></DbtrAcct><CdtrAcct><Id><IBAN>SK8809000000005149764503</IBAN></Id><Nm>Papezske misijne diela</Nm></CdtrAcct></RltdPties><RltdAgts><DbtrAgt><FinInstnId><BIC>GIBASKBX</BIC></FinInstnId></DbtrAgt><CdtrAgt><FinInstnId><BIC>GIBASKBX</BIC></FinInstnId></CdtrAgt></RltdAgts><RmtInf><Ustrd>stefania.loncova@gmail.com</Ustrd></RmtInf></TxDtls></NtryDtls></Ntry>
<Ntry><NtryRef>2305650000009262</NtryRef><Amt Ccy="EUR">50</Amt><CdtDbtInd>CRDT</CdtDbtInd><RvslInd>false</RvslInd><Sts>BOOK</Sts><BookgDt><Dt>2023-02-25</Dt></BookgDt><ValDt><Dt>2023-02-25</Dt></ValDt><BkTxCd><Prtry><Cd>10000405000</Cd><Issr>SBA</Issr></Prtry></BkTxCd><NtryDtls><TxDtls><Refs><AcctSvcrRef>F001250220234462975</AcctSvcrRef><EndToEndId>/VS200/SS/KS</EndToEndId></Refs><BkTxCd><Prtry><Cd>10000405000</Cd><Issr>SBA</Issr></Prtry></BkTxCd><RltdPties><DbtrAcct><Id><IBAN>SK5802000000000238747622</IBAN></Id><Nm>Frantiska Duristova</Nm></DbtrAcct><CdtrAcct><Id><IBAN>SK8809000000005149764503</IBAN></Id><Nm>Papezske misijne diela</Nm></CdtrAcct></RltdPties><RltdAgts><DbtrAgt><FinInstnId><BIC>SUBASKBX</BIC></FinInstnId></DbtrAgt><CdtrAgt><FinInstnId><BIC>GIBASKBX</BIC></FinInstnId></CdtrAgt></RltdAgts><RmtInf><Ustrd>Bezhotovostny vklad-okamzita platba</Ustrd></RmtInf></TxDtls></NtryDtls></Ntry>
<Ntry><NtryRef>FSY0014481463</NtryRef><Amt Ccy="EUR">200</Amt><CdtDbtInd>CRDT</CdtDbtInd><RvslInd>false</RvslInd><Sts>BOOK</Sts><BookgDt><Dt>2023-02-25</Dt></BookgDt><ValDt><Dt>2023-02-25</Dt></ValDt><BkTxCd><Prtry><Cd>10000403000</Cd><Issr>SBA</Issr></Prtry></BkTxCd><NtryDtls><TxDtls><Refs><AcctSvcrRef>F001250220234481464</AcctSvcrRef><EndToEndId>NOTPROVIDED</EndToEndId></Refs><BkTxCd><Prtry><Cd>10000403000</Cd><Issr>SBA</Issr></Prtry></BkTxCd><RltdPties><DbtrAcct><Id><IBAN>SK6609000000005174337327</IBAN></Id><Nm>Belakova Terezia</Nm></DbtrAcct><CdtrAcct><Id><IBAN>SK8809000000005149764503</IBAN></Id><Nm>Papezske misijne diela</Nm></CdtrAcct></RltdPties><RltdAgts><DbtrAgt><FinInstnId><BIC>GIBASKBX</BIC></FinInstnId></DbtrAgt><CdtrAgt><FinInstnId><BIC>GIBASKBX</BIC></FinInstnId></CdtrAgt></RltdAgts><RmtInf><Ustrd>T.Belakova Kolacno,304 prosba o odsluzenie sv.omsi na umysly uvedene v ziadosti</Ustrd></RmtInf></TxDtls></NtryDtls></Ntry>
<Ntry><NtryRef>FSY0014496806</NtryRef><Amt Ccy="EUR">100</Amt><CdtDbtInd>CRDT</CdtDbtInd><RvslInd>false</RvslInd><Sts>BOOK</Sts><BookgDt><Dt>2023-02-25</Dt></BookgDt><ValDt><Dt>2023-02-25</Dt></ValDt><BkTxCd><Prtry><Cd>10000403000</Cd><Issr>SBA</Issr></Prtry></BkTxCd><NtryDtls><TxDtls><Refs><AcctSvcrRef>F001250220234496808</AcctSvcrRef><EndToEndId>/VS300/SS/KS</EndToEndId></Refs><BkTxCd><Prtry><Cd>10000403000</Cd><Issr>SBA</Issr></Prtry></BkTxCd><RltdPties><DbtrAcct><Id><IBAN>SK6809000000000051858277</IBAN></Id><Nm>Markuljak Jozef</Nm></DbtrAcct><CdtrAcct><Id><IBAN>SK8809000000005149764503</IBAN></Id><Nm>Papezske misijne diela</Nm></CdtrAcct></RltdPties><RltdAgts><DbtrAgt><FinInstnId><BIC>GIBASKBX</BIC></FinInstnId></DbtrAgt><CdtrAgt><FinInstnId><BIC>GIBASKBX</BIC></FinInstnId></CdtrAgt></RltdAgts><RmtInf><Ustrd>od Agnesa Markuljakova</Ustrd></RmtInf></TxDtls></NtryDtls></Ntry>
<Ntry><NtryRef>FSY0014500647</NtryRef><Amt Ccy="EUR">6</Amt><CdtDbtInd>CRDT</CdtDbtInd><RvslInd>false</RvslInd><Sts>BOOK</Sts><BookgDt><Dt>2023-02-25</Dt></BookgDt><ValDt><Dt>2023-02-25</Dt></ValDt><BkTxCd><Prtry><Cd>10000403000</Cd><Issr>SBA</Issr></Prtry></BkTxCd><NtryDtls><TxDtls><Refs><AcctSvcrRef>F001250220234500648</AcctSvcrRef><EndToEndId>/VS77792424/SS/KS</EndToEndId></Refs><BkTxCd><Prtry><Cd>10000403000</Cd><Issr>SBA</Issr></Prtry></BkTxCd><RltdPties><DbtrAcct><Id><IBAN>SK2809000000005177152563</IBAN></Id><Nm>Klaudia Kubalova</Nm></DbtrAcct><CdtrAcct><Id><IBAN>SK8809000000005149764503</IBAN></Id><Nm>Papezske misijne diela</Nm></CdtrAcct></RltdPties><RltdAgts><DbtrAgt><FinInstnId><BIC>GIBASKBX</BIC></FinInstnId></DbtrAgt><CdtrAgt><FinInstnId><BIC>GIBASKBX</BIC></FinInstnId></CdtrAgt></RltdAgts><RmtInf><Ustrd>Bezhotovostny vklad</Ustrd></RmtInf></TxDtls></NtryDtls></Ntry>
<Ntry><NtryRef>FSY0014507079</NtryRef><Amt Ccy="EUR">7</Amt><CdtDbtInd>CRDT</CdtDbtInd><RvslInd>false</RvslInd><Sts>BOOK</Sts><BookgDt><Dt>2023-02-25</Dt></BookgDt><ValDt><Dt>2023-02-25</Dt></ValDt><BkTxCd><Prtry><Cd>10000403000</Cd><Issr>SBA</Issr></Prtry></BkTxCd><NtryDtls><TxDtls><Refs><AcctSvcrRef>F001250220234507080</AcctSvcrRef><EndToEndId>/VS77792425/SS/KS</EndToEndId></Refs><BkTxCd><Prtry><Cd>10000403000</Cd><Issr>SBA</Issr></Prtry></BkTxCd><RltdPties><DbtrAcct><Id><IBAN>SK2809000000005177152563</IBAN></Id><Nm>Klaudia Kubalova</Nm></DbtrAcct><CdtrAcct><Id><IBAN>SK8809000000005149764503</IBAN></Id><Nm>Papezske misijne diela</Nm></CdtrAcct></RltdPties><RltdAgts><DbtrAgt><FinInstnId><BIC>GIBASKBX</BIC></FinInstnId></DbtrAgt><CdtrAgt><FinInstnId><BIC>GIBASKBX</BIC></FinInstnId></CdtrAgt></RltdAgts><RmtInf><Ustrd>Bezhotovostny vklad</Ustrd></RmtInf></TxDtls></NtryDtls></Ntry>
<Ntry><NtryRef>FSY0014511760</NtryRef><Amt Ccy="EUR">50</Amt><CdtDbtInd>CRDT</CdtDbtInd><RvslInd>false</RvslInd><Sts>BOOK</Sts><BookgDt><Dt>2023-02-25</Dt></BookgDt><ValDt><Dt>2023-02-25</Dt></ValDt><BkTxCd><Prtry><Cd>10000403000</Cd><Issr>SBA</Issr></Prtry></BkTxCd><NtryDtls><TxDtls><Refs><AcctSvcrRef>F001250220234511761</AcctSvcrRef><EndToEndId>/VS320/SS/KS</EndToEndId></Refs><BkTxCd><Prtry><Cd>10000403000</Cd><Issr>SBA</Issr></Prtry></BkTxCd><RltdPties><DbtrAcct><Id><IBAN>SK3009000000000333459952</IBAN></Id><Nm>Subjakova Maria</Nm></DbtrAcct><CdtrAcct><Id><IBAN>SK8809000000005149764503</IBAN></Id><Nm>Papezske misijne diela</Nm></CdtrAcct></RltdPties><RltdAgts><DbtrAgt><FinInstnId><BIC>GIBASKBX</BIC></FinInstnId></DbtrAgt><CdtrAgt><FinInstnId><BIC>GIBASKBX</BIC></FinInstnId></CdtrAgt></RltdAgts><RmtInf><Ustrd>subjakova.maria@gmail.com</Ustrd></RmtInf></TxDtls></NtryDtls></Ntry>
<Ntry><NtryRef>FSY0014511858</NtryRef><Amt Ccy="EUR">30</Amt><CdtDbtInd>CRDT</CdtDbtInd><RvslInd>false</RvslInd><Sts>BOOK</Sts><BookgDt><Dt>2023-02-25</Dt></BookgDt><ValDt><Dt>2023-02-25</Dt></ValDt><BkTxCd><Prtry><Cd>10000403000</Cd><Issr>SBA</Issr></Prtry></BkTxCd><NtryDtls><TxDtls><Refs><AcctSvcrRef>F001250220234511859</AcctSvcrRef><EndToEndId>/VS300/SS/KS</EndToEndId></Refs><BkTxCd><Prtry><Cd>10000403000</Cd><Issr>SBA</Issr></Prtry></BkTxCd><RltdPties><DbtrAcct><Id><IBAN>SK0609000000000028544376</IBAN></Id><Nm>Mesarosova Viera,Mesaros Ladislav</Nm></DbtrAcct><CdtrAcct><Id><IBAN>SK8809000000005149764503</IBAN></Id><Nm>Papezske misijne diela</Nm></CdtrAcct></RltdPties><RltdAgts><DbtrAgt><FinInstnId><BIC>GIBASKBX</BIC></FinInstnId></DbtrAgt><CdtrAgt><FinInstnId><BIC>GIBASKBX</BIC></FinInstnId></CdtrAgt></RltdAgts><RmtInf><Ustrd>dar</Ustrd></RmtInf></TxDtls></NtryDtls></Ntry>
<Ntry><NtryRef>FSY0014518031</NtryRef><Amt Ccy="EUR">150</Amt><CdtDbtInd>CRDT</CdtDbtInd><RvslInd>false</RvslInd><Sts>BOOK</Sts><BookgDt><Dt>2023-02-25</Dt></BookgDt><ValDt><Dt>2023-02-25</Dt></ValDt><BkTxCd><Prtry><Cd>10000403000</Cd><Issr>SBA</Issr></Prtry></BkTxCd><NtryDtls><TxDtls><Refs><AcctSvcrRef>F001250220234518032</AcctSvcrRef><EndToEndId>/VS77792409/SS/KS</EndToEndId></Refs><BkTxCd><Prtry><Cd>10000403000</Cd><Issr>SBA</Issr></Prtry></BkTxCd><RltdPties><DbtrAcct><Id><IBAN>SK8009000000000560877783</IBAN></Id><Nm>Krausova Tkacova Vladimira</Nm></DbtrAcct><CdtrAcct><Id><IBAN>SK8809000000005149764503</IBAN></Id><Nm>Papezske misijne diela</Nm></CdtrAcct></RltdPties><RltdAgts><DbtrAgt><FinInstnId><BIC>GIBASKBX</BIC></FinInstnId></DbtrAgt><CdtrAgt><FinInstnId><BIC>GIBASKBX</BIC></FinInstnId></CdtrAgt></RltdAgts><RmtInf><Ustrd>Bezhotovostny vklad</Ustrd></RmtInf></TxDtls></NtryDtls></Ntry>
<Ntry><NtryRef>2305650000017439</NtryRef><Amt Ccy="EUR">5</Amt><CdtDbtInd>CRDT</CdtDbtInd><RvslInd>false</RvslInd><Sts>BOOK</Sts><BookgDt><Dt>2023-02-25</Dt></BookgDt><ValDt><Dt>2023-02-25</Dt></ValDt><BkTxCd><Prtry><Cd>10000405000</Cd><Issr>SBA</Issr></Prtry></BkTxCd><NtryDtls><TxDtls><Refs><AcctSvcrRef>F001250220234531893</AcctSvcrRef><EndToEndId>/VS4321/SS/KS</EndToEndId></Refs><BkTxCd><Prtry><Cd>10000405000</Cd><Issr>SBA</Issr></Prtry></BkTxCd><RltdPties><DbtrAcct><Id><IBAN>SK5002000000001233628557</IBAN></Id><Nm>Alena Rypakova</Nm></DbtrAcct><CdtrAcct><Id><IBAN>SK8809000000005149764503</IBAN></Id><Nm>Papezske misijne diela</Nm></CdtrAcct></RltdPties><RltdAgts><DbtrAgt><FinInstnId><BIC>SUBASKBX</BIC></FinInstnId></DbtrAgt><CdtrAgt><FinInstnId><BIC>GIBASKBX</BIC></FinInstnId></CdtrAgt></RltdAgts><RmtInf><Ustrd>DO2021-12-03/SP</Ustrd></RmtInf></TxDtls></NtryDtls></Ntry>
<Ntry><NtryRef>FSY0014554131</NtryRef><Amt Ccy="EUR">150</Amt><CdtDbtInd>CRDT</CdtDbtInd><RvslInd>false</RvslInd><Sts>BOOK</Sts><BookgDt><Dt>2023-02-25</Dt></BookgDt><ValDt><Dt>2023-02-25</Dt></ValDt><BkTxCd><Prtry><Cd>10000403000</Cd><Issr>SBA</Issr></Prtry></BkTxCd><NtryDtls><TxDtls><Refs><AcctSvcrRef>F001250220234554132</AcctSvcrRef><EndToEndId>/VS77792429/SS/KS</EndToEndId></Refs><BkTxCd><Prtry><Cd>10000403000</Cd><Issr>SBA</Issr></Prtry></BkTxCd><RltdPties><DbtrAcct><Id><IBAN>SK9809000000005169292654</IBAN></Id><Nm>Cvernakova Mariana</Nm></DbtrAcct><CdtrAcct><Id><IBAN>SK8809000000005149764503</IBAN></Id><Nm>Papezske misijne diela</Nm></CdtrAcct></RltdPties><RltdAgts><DbtrAgt><FinInstnId><BIC>GIBASKBX</BIC></FinInstnId></DbtrAgt><CdtrAgt><FinInstnId><BIC>GIBASKBX</BIC></FinInstnId></CdtrAgt></RltdAgts><RmtInf><Ustrd>mariana. cvernakova@gmail.com.</Ustrd></RmtInf></TxDtls></NtryDtls></Ntry>
<Ntry><NtryRef>FSY0014566483</NtryRef><Amt Ccy="EUR">30</Amt><CdtDbtInd>CRDT</CdtDbtInd><RvslInd>false</RvslInd><Sts>BOOK</Sts><BookgDt><Dt>2023-02-25</Dt></BookgDt><ValDt><Dt>2023-02-25</Dt></ValDt><BkTxCd><Prtry><Cd>10000403000</Cd><Issr>SBA</Issr></Prtry></BkTxCd><NtryDtls><TxDtls><Refs><AcctSvcrRef>F001250220234566484</AcctSvcrRef><EndToEndId>/VS6767/SS/KS</EndToEndId></Refs><BkTxCd><Prtry><Cd>10000403000</Cd><Issr>SBA</Issr></Prtry></BkTxCd><RltdPties><DbtrAcct><Id><IBAN>SK7309000000000240039254</IBAN></Id><Nm>Korompai  Silvester</Nm></DbtrAcct><CdtrAcct><Id><IBAN>SK8809000000005149764503</IBAN></Id><Nm>Papezske misijne diela</Nm></CdtrAcct></RltdPties><RltdAgts><DbtrAgt><FinInstnId><BIC>GIBASKBX</BIC></FinInstnId></DbtrAgt><CdtrAgt><FinInstnId><BIC>GIBASKBX</BIC></FinInstnId></CdtrAgt></RltdAgts><RmtInf><Ustrd>Bezhotovostny vklad</Ustrd></RmtInf></TxDtls></NtryDtls></Ntry>
<Ntry><NtryRef>OO23022500014273</NtryRef><Amt Ccy="EUR">100</Amt><CdtDbtInd>CRDT</CdtDbtInd><RvslInd>false</RvslInd><Sts>BOOK</Sts><BookgDt><Dt>2023-02-25</Dt></BookgDt><ValDt><Dt>2023-02-25</Dt></ValDt><BkTxCd><Prtry><Cd>10000405000</Cd><Issr>SBA</Issr></Prtry></BkTxCd><NtryDtls><TxDtls><Refs><AcctSvcrRef>F001250220234568442</AcctSvcrRef><EndToEndId>/VS50083783/SS/KS</EndToEndId></Refs><BkTxCd><Prtry><Cd>10000405000</Cd><Issr>SBA</Issr></Prtry></BkTxCd><RltdPties><DbtrAcct><Id><IBAN>SK2911000000008012297661</IBAN></Id><Nm>Fedak Jozef</Nm></DbtrAcct><CdtrAcct><Id><IBAN>SK8809000000005149764503</IBAN></Id><Nm>Papezske misijne diela</Nm></CdtrAcct></RltdPties><RltdAgts><DbtrAgt><FinInstnId><BIC>TATRSKBX</BIC></FinInstnId></DbtrAgt><CdtrAgt><FinInstnId><BIC>GIBASKBX</BIC></FinInstnId></CdtrAgt></RltdAgts><RmtInf><Ustrd>monika fedak centrum.sk vianocny omsovy milodar</Ustrd></RmtInf></TxDtls></NtryDtls></Ntry>
<Ntry><NtryRef>OO23022500014327</NtryRef><Amt Ccy="EUR">50</Amt><CdtDbtInd>CRDT</CdtDbtInd><RvslInd>false</RvslInd><Sts>BOOK</Sts><BookgDt><Dt>2023-02-25</Dt></BookgDt><ValDt><Dt>2023-02-25</Dt></ValDt><BkTxCd><Prtry><Cd>10000405000</Cd><Issr>SBA</Issr></Prtry></BkTxCd><NtryDtls><TxDtls><Refs><AcctSvcrRef>F001250220234569061</AcctSvcrRef><EndToEndId>/VS50083791/SS/KS</EndToEndId></Refs><BkTxCd><Prtry><Cd>10000405000</Cd><Issr>SBA</Issr></Prtry></BkTxCd><RltdPties><DbtrAcct><Id><IBAN>SK2911000000008012297661</IBAN></Id><Nm>Fedak Jozef</Nm></DbtrAcct><CdtrAcct><Id><IBAN>SK8809000000005149764503</IBAN></Id><Nm>Papezske misijne diela</Nm></CdtrAcct></RltdPties><RltdAgts><DbtrAgt><FinInstnId><BIC>TATRSKBX</BIC></FinInstnId></DbtrAgt><CdtrAgt><FinInstnId><BIC>GIBASKBX</BIC></FinInstnId></CdtrAgt></RltdAgts><RmtInf><Ustrd>monika fedak centrum.sk Vianocny omsovy milodar</Ustrd></RmtInf></TxDtls></NtryDtls></Ntry>
<Ntry><NtryRef>FSY0014569070</NtryRef><Amt Ccy="EUR">140</Amt><CdtDbtInd>CRDT</CdtDbtInd><RvslInd>false</RvslInd><Sts>BOOK</Sts><BookgDt><Dt>2023-02-25</Dt></BookgDt><ValDt><Dt>2023-02-25</Dt></ValDt><BkTxCd><Prtry><Cd>10000403000</Cd><Issr>SBA</Issr></Prtry></BkTxCd><NtryDtls><TxDtls><Refs><AcctSvcrRef>F001250220234569071</AcctSvcrRef><EndToEndId>/VS77792430/SS/KS0308</EndToEndId></Refs><BkTxCd><Prtry><Cd>10000403000</Cd><Issr>SBA</Issr></Prtry></BkTxCd><RltdPties><DbtrAcct><Id><IBAN>SK6409000000000109212218</IBAN></Id><Nm>Hrebenarova Terezia,Hrebenar Michal</Nm></DbtrAcct><CdtrAcct><Id><IBAN>SK8809000000005149764503</IBAN></Id><Nm>Papezske misijne diela</Nm></CdtrAcct></RltdPties><RltdAgts><DbtrAgt><FinInstnId><BIC>GIBASKBX</BIC></FinInstnId></DbtrAgt><CdtrAgt><FinInstnId><BIC>GIBASKBX</BIC></FinInstnId></CdtrAgt></RltdAgts><RmtInf><Ustrd>terezia.hrebenarova@gmail.com</Ustrd></RmtInf></TxDtls></NtryDtls></Ntry>
<Ntry><NtryRef>FSY0014571429</NtryRef><Amt Ccy="EUR">45</Amt><CdtDbtInd>CRDT</CdtDbtInd><RvslInd>false</RvslInd><Sts>BOOK</Sts><BookgDt><Dt>2023-02-25</Dt></BookgDt><ValDt><Dt>2023-02-25</Dt></ValDt><BkTxCd><Prtry><Cd>10000403000</Cd><Issr>SBA</Issr></Prtry></BkTxCd><NtryDtls><TxDtls><Refs><AcctSvcrRef>F001250220234571430</AcctSvcrRef><EndToEndId>NOTPROVIDED</EndToEndId></Refs><BkTxCd><Prtry><Cd>10000403000</Cd><Issr>SBA</Issr></Prtry></BkTxCd><RltdPties><DbtrAcct><Id><IBAN>SK1509000000000413027770</IBAN></Id><Nm>Boros Michal</Nm></DbtrAcct><CdtrAcct><Id><IBAN>SK8809000000005149764503</IBAN></Id><Nm>Papezske misijne diela</Nm></CdtrAcct></RltdPties><RltdAgts><DbtrAgt><FinInstnId><BIC>GIBASKBX</BIC></FinInstnId></DbtrAgt><CdtrAgt><FinInstnId><BIC>GIBASKBX</BIC></FinInstnId></CdtrAgt></RltdAgts><RmtInf><Ustrd>Bezhotovostny vklad</Ustrd></RmtInf></TxDtls></NtryDtls></Ntry>
<Ntry><NtryRef>2305650000022588</NtryRef><Amt Ccy="EUR">100</Amt><CdtDbtInd>CRDT</CdtDbtInd><RvslInd>false</RvslInd><Sts>BOOK</Sts><BookgDt><Dt>2023-02-25</Dt></BookgDt><ValDt><Dt>2023-02-25</Dt></ValDt><BkTxCd><Prtry><Cd>10000405000</Cd><Issr>SBA</Issr></Prtry></BkTxCd><NtryDtls><TxDtls><Refs><AcctSvcrRef>F001250220234572875</AcctSvcrRef><EndToEndId>/VS6767/SS/KS</EndToEndId></Refs><BkTxCd><Prtry><Cd>10000405000</Cd><Issr>SBA</Issr></Prtry></BkTxCd><RltdPties><DbtrAcct><Id><IBAN>SK7802000000001779847372</IBAN></Id><Nm>Daniela Vrablova</Nm></DbtrAcct><CdtrAcct><Id><IBAN>SK8809000000005149764503</IBAN></Id><Nm>Papezske misijne diela</Nm></CdtrAcct></RltdPties><RltdAgts><DbtrAgt><FinInstnId><BIC>SUBASKBX</BIC></FinInstnId></DbtrAgt><CdtrAgt><FinInstnId><BIC>GIBASKBX</BIC></FinInstnId></CdtrAgt></RltdAgts><RmtInf><Ustrd>Turecko, Syria</Ustrd></RmtInf></TxDtls></NtryDtls></Ntry>
<Ntry><NtryRef>FSY0014574372</NtryRef><Amt Ccy="EUR">10</Amt><CdtDbtInd>CRDT</CdtDbtInd><RvslInd>false</RvslInd><Sts>BOOK</Sts><BookgDt><Dt>2023-02-25</Dt></BookgDt><ValDt><Dt>2023-02-25</Dt></ValDt><BkTxCd><Prtry><Cd>10000403000</Cd><Issr>SBA</Issr></Prtry></BkTxCd><NtryDtls><TxDtls><Refs><AcctSvcrRef>F001250220234574373</AcctSvcrRef><EndToEndId>/VS77792433/SS/KS</EndToEndId></Refs><BkTxCd><Prtry><Cd>10000403000</Cd><Issr>SBA</Issr></Prtry></BkTxCd><RltdPties><DbtrAcct><Id><IBAN>SK8409000000000230023224</IBAN></Id><Nm>Florkova Veronika</Nm></DbtrAcct><CdtrAcct><Id><IBAN>SK8809000000005149764503</IBAN></Id><Nm>Papezske misijne diela</Nm></CdtrAcct></RltdPties><RltdAgts><DbtrAgt><FinInstnId><BIC>GIBASKBX</BIC></FinInstnId></DbtrAgt><CdtrAgt><FinInstnId><BIC>GIBASKBX</BIC></FinInstnId></CdtrAgt></RltdAgts><RmtInf><Ustrd>Bezhotovostny vklad</Ustrd></RmtInf></TxDtls></NtryDtls></Ntry>
<Ntry><NtryRef>2305650000022876</NtryRef><Amt Ccy="EUR">15</Amt><CdtDbtInd>CRDT</CdtDbtInd><RvslInd>false</RvslInd><Sts>BOOK</Sts><BookgDt><Dt>2023-02-25</Dt></BookgDt><ValDt><Dt>2023-02-25</Dt></ValDt><BkTxCd><Prtry><Cd>10000405000</Cd><Issr>SBA</Issr></Prtry></BkTxCd><NtryDtls><TxDtls><Refs><AcctSvcrRef>F001250220234575169</AcctSvcrRef><EndToEndId>NOTPROVIDED</EndToEndId></Refs><BkTxCd><Prtry><Cd>10000405000</Cd><Issr>SBA</Issr></Prtry></BkTxCd><RltdPties><DbtrAcct><Id><IBAN>SK4002000000001924747432</IBAN></Id><Nm>Martin Malatinsky</Nm></DbtrAcct><CdtrAcct><Id><IBAN>SK8809000000005149764503</IBAN></Id><Nm>Papezske misijne diela</Nm></CdtrAcct></RltdPties><RltdAgts><DbtrAgt><FinInstnId><BIC>SUBASKBX</BIC></FinInstnId></DbtrAgt><CdtrAgt><FinInstnId><BIC>GIBASKBX</BIC></FinInstnId></CdtrAgt></RltdAgts><RmtInf><Ustrd>martin.malatinsky gmail.com</Ustrd></RmtInf></TxDtls></NtryDtls></Ntry>
</Stmt></BkToCstmrStmt></Document>