<?xml version="1.0" encoding="UTF-8" standalone="no"?>
<Document xmlns="urn:iso:std:iso:20022:tech:xsd:camt.053.001.02" xmlns:xsi="http://www.w3.org/2001/XMLSchema-instance"><BkToCstmrStmt><GrpHdr><MsgId>GIBASKBX-230201-SEPAXML~22307000</MsgId><CreDtTm>2023-02-01T00:06:30.0+01:00</CreDtTm><MsgRcpt><Nm>Papezske misijne diela</Nm><PstlAdr><StrtNm>Lazaretska  32</StrtNm><PstCd>81109</PstCd><TwnNm>Bratislava - Stare Mesto</TwnNm><Ctry>SK</Ctry></PstlAdr><Id><OrgId><Othr><Id>Papezske misijne diela</Id></Othr></OrgId></Id></MsgRcpt></GrpHdr><Stmt><Id>SK8809000000005149764503-2023-01-31</Id><ElctrncSeqNb>31</ElctrncSeqNb><LglSeqNb>31</LglSeqNb><CreDtTm>2023-02-01T00:06:30.0+01:00</CreDtTm><FrToDt><FrDtTm>2023-01-31T00:00:00.0+01:00</FrDtTm><ToDtTm>2023-01-31T23:59:59.0+01:00</ToDtTm></FrToDt><Acct><Id><IBAN>SK8809000000005149764503</IBAN></Id><Ccy>EUR</Ccy><Nm>Papezske misijne diela</Nm><Ownr><Nm>Papezske misijne diela</Nm><PstlAdr><StrtNm>Lazaretska  32</StrtNm><PstCd>81109</PstCd><TwnNm>Bratislava - Stare Mesto</TwnNm><Ctry>SK</Ctry></PstlAdr><Id><OrgId><Othr><Id>Papezske misijne diela</Id></Othr></OrgId></Id></Ownr><Svcr><FinInstnId><BIC>GIBASKBX</BIC><Nm>Slovenska sporitelna, a.s.</Nm><PstlAdr><StrtNm>Tomasikova</StrtNm><BldgNb>48</BldgNb><PstCd>83237</PstCd><TwnNm>Bratislava</TwnNm><Ctry>SK</Ctry></PstlAdr><Othr><Id>0900</Id></Othr></FinInstnId></Svcr></Acct><Bal><Tp><CdOrPrtry><Cd>PRCD</Cd></CdOrPrtry></Tp><Amt Ccy="EUR">2633104.23</Amt><CdtDbtInd>CRDT</CdtDbtInd><Dt><Dt>2023-01-31</Dt></Dt></Bal><Bal><Tp><CdOrPrtry><Cd>CLBD</Cd></CdOrPrtry></Tp><Amt Ccy="EUR">2641345.74</Amt><CdtDbtInd>CRDT</CdtDbtInd><Dt><Dt>2023-01-31</Dt></Dt></Bal><Bal><Tp><CdOrPrtry><Cd>CLAV</Cd></CdOrPrtry></Tp><CdtLine><Incl>true</Incl><Amt Ccy="EUR">0</Amt></CdtLine><Amt Ccy="EUR">2641345.74</Amt><CdtDbtInd>CRDT</CdtDbtInd><Dt><Dt>2023-01-31</Dt></Dt></Bal><TxsSummry><TtlNtries><NbOfNtries>96</NbOfNtries><Sum>9472.51</Sum><TtlNetNtryAmt>8241.51</TtlNetNtryAmt><CdtDbtInd>CRDT</CdtDbtInd></TtlNtries><TtlCdtNtries><NbOfNtries>92</NbOfNtries><Sum>8857.01</Sum></TtlCdtNtries><TtlDbtNtries><NbOfNtries>4</NbOfNtries><Sum>615.5</Sum></TtlDbtNtries></TxsSummry>
<Ntry><NtryRef>OO23013000038225</NtryRef><Amt Ccy="EUR">50</Amt><CdtDbtInd>CRDT</CdtDbtInd><RvslInd>false</RvslInd><Sts>BOOK</Sts><BookgDt><Dt>2023-01-31</Dt></BookgDt><ValDt><Dt>2023-01-30</Dt></ValDt><BkTxCd><Prtry><Cd>10000405000</Cd><Issr>SBA</Issr></Prtry></BkTxCd><NtryDtls><TxDtls><Refs><AcctSvcrRef>F001310120233484293</AcctSvcrRef><EndToEndId>/VS77791109/SS202301/KS0558</EndToEndId></Refs><BkTxCd><Prtry><Cd>10000405000</Cd><Issr>SBA</Issr></Prtry></BkTxCd><RltdPties><DbtrAcct><Id><IBAN>SK0211000000002629018725</IBAN></Id><Nm>Ing. Mgr. Maria Helmeczyova</Nm></DbtrAcct><CdtrAcct><Id><IBAN>SK8809000000005149764503</IBAN></Id><Nm>Papezske misijne diela</Nm></CdtrAcct></RltdPties><RltdAgts><DbtrAgt><FinInstnId><BIC>TATRSKBX</BIC></FinInstnId></DbtrAgt><CdtrAgt><FinInstnId><BIC>GIBASKBX</BIC></FinInstnId></CdtrAgt></RltdAgts><RmtInf><Ustrd>maria.helmeczy gmail.com 1x novena</Ustrd></RmtInf></TxDtls></NtryDtls></Ntry>
<Ntry><NtryRef>OO23013000038267</NtryRef><Amt Ccy="EUR">50</Amt><CdtDbtInd>CRDT</CdtDbtInd><RvslInd>false</RvslInd><Sts>BOOK</Sts><BookgDt><Dt>2023-01-31</Dt></BookgDt><ValDt><Dt>2023-01-30</Dt></ValDt><BkTxCd><Prtry><Cd>10000405000</Cd><Issr>SBA</Issr></Prtry></BkTxCd><NtryDtls><TxDtls><Refs><AcctSvcrRef>F001310120233484981</AcctSvcrRef><EndToEndId>/VS77791110/SS202301/KS0558</EndToEndId></Refs><BkTxCd><Prtry><Cd>10000405000</Cd><Issr>SBA</Issr></Prtry></BkTxCd><RltdPties><DbtrAcct><Id><IBAN>SK0211000000002629018725</IBAN></Id><Nm>Ing. Mgr. Maria Helmeczyova</Nm></DbtrAcct><CdtrAcct><Id><IBAN>SK8809000000005149764503</IBAN></Id><Nm>Papezske misijne diela</Nm></CdtrAcct></RltdPties><RltdAgts><DbtrAgt><FinInstnId><BIC>TATRSKBX</BIC></FinInstnId></DbtrAgt><CdtrAgt><FinInstnId><BIC>GIBASKBX</BIC></FinInstnId></CdtrAgt></RltdAgts><RmtInf><Ustrd>maria.helmeczy gmail.com 1x novena</Ustrd></RmtInf></TxDtls></NtryDtls></Ntry>
<Ntry><NtryRef>2303050000052099</NtryRef><Amt Ccy="EUR">75</Amt><CdtDbtInd>CRDT</CdtDbtInd><RvslInd>false</RvslInd><Sts>BOOK</Sts><BookgDt><Dt>2023-01-31</Dt></BookgDt><ValDt><Dt>2023-01-30</Dt></ValDt><BkTxCd><Prtry><Cd>10000405000</Cd><Issr>SBA</Issr></Prtry></BkTxCd><NtryDtls><TxDtls><Refs><AcctSvcrRef>F001310120233486308</AcctSvcrRef><EndToEndId>/VS88891111/SS/KS</EndToEndId></Refs><BkTxCd><Prtry><Cd>10000405000</Cd><Issr>SBA</Issr></Prtry></BkTxCd><RltdPties><DbtrAcct><Id><IBAN>SK6402000000002775037457</IBAN></Id><Nm>Lukas Tvrdy</Nm></DbtrAcct><CdtrAcct><Id><IBAN>SK8809000000005149764503</IBAN></Id><Nm>Papezske misijne diela</Nm></CdtrAcct></RltdPties><RltdAgts><DbtrAgt><FinInstnId><BIC>SUBASKBX</BIC></FinInstnId></DbtrAgt><CdtrAgt><FinInstnId><BIC>GIBASKBX</BIC></FinInstnId></CdtrAgt></RltdAgts><RmtInf><Ustrd>PAY by square 88891111</Ustrd></RmtInf></TxDtls></NtryDtls></Ntry>
<Ntry><NtryRef>OO23013000038878</NtryRef><Amt Ccy="EUR">10.01</Amt><CdtDbtInd>CRDT</CdtDbtInd><RvslInd>false</RvslInd><Sts>BOOK</Sts><BookgDt><Dt>2023-01-31</Dt></BookgDt><ValDt><Dt>2023-01-30</Dt></ValDt><BkTxCd><Prtry><Cd>10000405000</Cd><Issr>SBA</Issr></Prtry></BkTxCd><NtryDtls><TxDtls><Refs><AcctSvcrRef>F001310120233488368</AcctSvcrRef><EndToEndId>NOTPROVIDED</EndToEndId></Refs><BkTxCd><Prtry><Cd>10000405000</Cd><Issr>SBA</Issr></Prtry></BkTxCd><RltdPties><DbtrAcct><Id><IBAN>SK7511000000008011256411</IBAN></Id><Nm>Jelinek Matus</Nm></DbtrAcct><CdtrAcct><Id><IBAN>SK8809000000005149764503</IBAN></Id><Nm>Papezske misijne diela</Nm></CdtrAcct></RltdPties><RltdAgts><DbtrAgt><FinInstnId><BIC>TATRSKBX</BIC></FinInstnId></DbtrAgt><CdtrAgt><FinInstnId><BIC>GIBASKBX</BIC></FinInstnId></CdtrAgt></RltdAgts><RmtInf><Ustrd>Diky za kebab + tringelt 1 cent</Ustrd></RmtInf></TxDtls></NtryDtls></Ntry>
<Ntry><NtryRef>OO23013000038944</NtryRef><Amt Ccy="EUR">45</Amt><CdtDbtInd>CRDT</CdtDbtInd><RvslInd>false</RvslInd><Sts>BOOK</Sts><BookgDt><Dt>2023-01-31</Dt></BookgDt><ValDt><Dt>2023-01-30</Dt></ValDt><BkTxCd><Prtry><Cd>10000405000</Cd><Issr>SBA</Issr></Prtry></BkTxCd><NtryDtls><TxDtls><Refs><AcctSvcrRef>F001310120233488797</AcctSvcrRef><EndToEndId>/VS77791112/SS/KS</EndToEndId></Refs><BkTxCd><Prtry><Cd>10000405000</Cd><Issr>SBA</Issr></Prtry></BkTxCd><RltdPties><DbtrAcct><Id><IBAN>SK0611000000002918604296</IBAN></Id><Nm>Bernat Ondrej</Nm></DbtrAcct><CdtrAcct><Id><IBAN>SK8809000000005149764503</IBAN></Id><Nm>Papezske misijne diela</Nm></CdtrAcct></RltdPties><RltdAgts><DbtrAgt><FinInstnId><BIC>TATRSKBX</BIC></FinInstnId></DbtrAgt><CdtrAgt><FinInstnId><BIC>GIBASKBX</BIC></FinInstnId></CdtrAgt></RltdAgts><RmtInf><Ustrd>PAY by square 77791112</Ustrd></RmtInf></TxDtls></NtryDtls></Ntry>
<Ntry><NtryRef>FSY0013496314</NtryRef><Amt Ccy="EUR">6</Amt><CdtDbtInd>CRDT</CdtDbtInd><RvslInd>false</RvslInd><Sts>BOOK</Sts><BookgDt><Dt>2023-01-31</Dt></BookgDt><ValDt><Dt>2023-01-31</Dt></ValDt><BkTxCd><Prtry><Cd>10000403000</Cd><Issr>SBA</Issr></Prtry></BkTxCd><NtryDtls><TxDtls><Refs><AcctSvcrRef>F001310120233496317</AcctSvcrRef><EndToEndId>/VS77791113/SS/KS</EndToEndId></Refs><BkTxCd><Prtry><Cd>10000403000</Cd><Issr>SBA</Issr></Prtry></BkTxCd><RltdPties><DbtrAcct><Id><IBAN>SK0609000000005110192501</IBAN></Id><Nm>Kandur Jozef</Nm></DbtrAcct><CdtrAcct><Id><IBAN>SK8809000000005149764503</IBAN></Id><Nm>Papezske misijne diela</Nm></CdtrAcct></RltdPties><RltdAgts><DbtrAgt><FinInstnId><BIC>GIBASKBX</BIC></FinInstnId></DbtrAgt><CdtrAgt><FinInstnId><BIC>GIBASKBX</BIC></FinInstnId></CdtrAgt></RltdAgts><RmtInf><Ustrd>kandurjozef@gmail.com</Ustrd></RmtInf></TxDtls></NtryDtls></Ntry>
<Ntry><NtryRef>FSY0013510832</NtryRef><Amt Ccy="EUR">5</Amt><CdtDbtInd>CRDT</CdtDbtInd><RvslInd>false</RvslInd><Sts>BOOK</Sts><BookgDt><Dt>2023-01-31</Dt></BookgDt><ValDt><Dt>2023-01-31</Dt></ValDt><BkTxCd><Prtry><Cd>10000403000</Cd><Issr>SBA</Issr></Prtry></BkTxCd><NtryDtls><TxDtls><Refs><AcctSvcrRef>F001310120233510839</AcctSvcrRef><EndToEndId>/VS/SS/KS0200</EndToEndId></Refs><BkTxCd><Prtry><Cd>10000403000</Cd><Issr>SBA</Issr></Prtry></BkTxCd><RltdPties><DbtrAcct><Id><IBAN>SK0509000000005114615137</IBAN></Id><Nm>Kocan Robert</Nm></DbtrAcct><CdtrAcct><Id><IBAN>SK8809000000005149764503</IBAN></Id><Nm>Papezske misijne diela</Nm></CdtrAcct></RltdPties><RltdAgts><DbtrAgt><FinInstnId><BIC>GIBASKBX</BIC></FinInstnId></DbtrAgt><CdtrAgt><FinInstnId><BIC>GIBASKBX</BIC></FinInstnId></CdtrAgt></RltdAgts><RmtInf><Ustrd>Zuzana Kocanova , Koskovce 146</Ustrd></RmtInf></TxDtls></NtryDtls></Ntry>
<Ntry><NtryRef>FSY0013514839</NtryRef><Amt Ccy="EUR">10</Amt><CdtDbtInd>CRDT</CdtDbtInd><RvslInd>false</RvslInd><Sts>BOOK</Sts><BookgDt><Dt>2023-01-31</Dt></BookgDt><ValDt><Dt>2023-01-31</Dt></ValDt><BkTxCd><Prtry><Cd>10000403000</Cd><Issr>SBA</Issr></Prtry></BkTxCd><NtryDtls><TxDtls><Refs><AcctSvcrRef>F001310120233514846</AcctSvcrRef><EndToEndId>/VS7171/SS/KS</EndToEndId></Refs><BkTxCd><Prtry><Cd>10000403000</Cd><Issr>SBA</Issr></Prtry></BkTxCd><RltdPties><DbtrAcct><Id><IBAN>SK8309000000000362693537</IBAN></Id><Nm>Vojtasova Daniela</Nm></DbtrAcct><CdtrAcct><Id><IBAN>SK8809000000005149764503</IBAN></Id><Nm>Papezske misijne diela</Nm></CdtrAcct></RltdPties><RltdAgts><DbtrAgt><FinInstnId><BIC>GIBASKBX</BIC></FinInstnId></DbtrAgt><CdtrAgt><FinInstnId><BIC>GIBASKBX</BIC></FinInstnId></CdtrAgt></RltdAgts><RmtInf><Ustrd>Bezhotovostny vklad</Ustrd></RmtInf></TxDtls></NtryDtls></Ntry>
<Ntry><NtryRef>2303150000004348</NtryRef><Amt Ccy="EUR">155</Amt><CdtDbtInd>CRDT</CdtDbtInd><RvslInd>false</RvslInd><Sts>BOOK</Sts><BookgDt><Dt>2023-01-31</Dt></BookgDt><ValDt><Dt>2023-01-31</Dt></ValDt><BkTxCd><Prtry><Cd>10000405000</Cd><Issr>SBA</Issr></Prtry></BkTxCd><NtryDtls><TxDtls><Refs><AcctSvcrRef>F001310120233684498</AcctSvcrRef><EndToEndId>/VS77791115/SS/KS</EndToEndId></Refs><BkTxCd><Prtry><Cd>10000405000</Cd><Issr>SBA</Issr></Prtry></BkTxCd><RltdPties><DbtrAcct><Id><IBAN>SK3802000000004149348572</IBAN></Id><Nm>Jan Pribula</Nm></DbtrAcct><CdtrAcct><Id><IBAN>SK8809000000005149764503</IBAN></Id><Nm>Papezske misijne diela</Nm></CdtrAcct></RltdPties><RltdAgts><DbtrAgt><FinInstnId><BIC>SUBASKBX</BIC></FinInstnId></DbtrAgt><CdtrAgt><FinInstnId><BIC>GIBASKBX</BIC></FinInstnId></CdtrAgt></RltdAgts><RmtInf><Ustrd>PAY by square 77791115</Ustrd></RmtInf></TxDtls></NtryDtls></Ntry>
<Ntry><NtryRef>FSY0013702648</NtryRef><Amt Ccy="EUR">10</Amt><CdtDbtInd>CRDT</CdtDbtInd><RvslInd>false</RvslInd><Sts>BOOK</Sts><BookgDt><Dt>2023-01-31</Dt></BookgDt><ValDt><Dt>2023-01-31</Dt></ValDt><BkTxCd><Prtry><Cd>10000403000</Cd><Issr>SBA</Issr></Prtry></BkTxCd><NtryDtls><TxDtls><Refs><AcctSvcrRef>F001310120233702649</AcctSvcrRef><EndToEndId>/VS333/SS/KS</EndToEndId></Refs><BkTxCd><Prtry><Cd>10000403000</Cd><Issr>SBA</Issr></Prtry></BkTxCd><RltdPties><DbtrAcct><Id><IBAN>SK3609000000005053664532</IBAN></Id><Nm>Blaskova Michaela</Nm></DbtrAcct><CdtrAcct><Id><IBAN>SK8809000000005149764503</IBAN></Id><Nm>Papezske misijne diela</Nm></CdtrAcct></RltdPties><RltdAgts><DbtrAgt><FinInstnId><BIC>GIBASKBX</BIC></FinInstnId></DbtrAgt><CdtrAgt><FinInstnId><BIC>GIBASKBX</BIC></FinInstnId></CdtrAgt></RltdAgts><RmtInf><Ustrd>Bezhotovostny vklad</Ustrd></RmtInf></TxDtls></NtryDtls></Ntry>
<Ntry><NtryRef>20230130-PRSCT00053705</NtryRef><Amt Ccy="EUR">10</Amt><CdtDbtInd>CRDT</CdtDbtInd><RvslInd>false</RvslInd><Sts>BOOK</Sts><BookgDt><Dt>2023-01-31</Dt></BookgDt><ValDt><Dt>2023-01-31</Dt></ValDt><BkTxCd><Prtry><Cd>10000403000</Cd><Issr>SBA</Issr></Prtry></BkTxCd><NtryDtls><TxDtls><Refs><MsgId>1349395-pacs.008-1</MsgId><AcctSvcrRef>F001310120233720903</AcctSvcrRef><EndToEndId>/VS88891085/SS/KS</EndToEndId></Refs><BkTxCd><Prtry><Cd>10000403000</Cd><Issr>SBA</Issr></Prtry></BkTxCd><RltdPties><DbtrAcct><Id><IBAN>SK8975000000004005440687</IBAN></Id><Nm>KASUBA PETER</Nm></DbtrAcct><CdtrAcct><Id><IBAN>SK8809000000005149764503</IBAN></Id><Nm>Papezske misijne diela</Nm></CdtrAcct></RltdPties><RltdAgts><DbtrAgt><FinInstnId><BIC>CEKOSKBX</BIC></FinInstnId></DbtrAgt><CdtrAgt><FinInstnId><BIC>GIBASKBX</BIC></FinInstnId></CdtrAgt></RltdAgts><RmtInf><Ustrd>/DO2023-01-30/SP</Ustrd></RmtInf></TxDtls></NtryDtls></Ntry>
<Ntry><NtryRef>20230130-PRSCT00061336</NtryRef><Amt Ccy="EUR">20</Amt><CdtDbtInd>CRDT</CdtDbtInd><RvslInd>false</RvslInd><Sts>BOOK</Sts><BookgDt><Dt>2023-01-31</Dt></BookgDt><ValDt><Dt>2023-01-31</Dt></ValDt><BkTxCd><Prtry><Cd>10000403000</Cd><Issr>SBA</Issr></Prtry></BkTxCd><NtryDtls><TxDtls><Refs><MsgId>1349395-pacs.008-1</MsgId><AcctSvcrRef>F001310120233721173</AcctSvcrRef><EndToEndId>/VS7171/SS/KS</EndToEndId></Refs><BkTxCd><Prtry><Cd>10000403000</Cd><Issr>SBA</Issr></Prtry></BkTxCd><RltdPties><DbtrAcct><Id><IBAN>SK6575000000004002758681</IBAN></Id><Nm>SANDORFI PAVOL</Nm></DbtrAcct><CdtrAcct><Id><IBAN>SK8809000000005149764503</IBAN></Id><Nm>Papezske misijne diela</Nm></CdtrAcct></RltdPties><RltdAgts><DbtrAgt><FinInstnId><BIC>CEKOSKBX</BIC></FinInstnId></DbtrAgt><CdtrAgt><FinInstnId><BIC>GIBASKBX</BIC></FinInstnId></CdtrAgt></RltdAgts><RmtInf><Ustrd>/DO2023-01-30/SPPavol Sandorfi, Trencianska Tepla</Ustrd></RmtInf></TxDtls></NtryDtls></Ntry>
<Ntry><NtryRef>20230130-PRSCT00061521</NtryRef><Amt Ccy="EUR">50</Amt><CdtDbtInd>CRDT</CdtDbtInd><RvslInd>false</RvslInd><Sts>BOOK</Sts><BookgDt><Dt>2023-01-31</Dt></BookgDt><ValDt><Dt>2023-01-31</Dt></ValDt><BkTxCd><Prtry><Cd>10000403000</Cd><Issr>SBA</Issr></Prtry></BkTxCd><NtryDtls><TxDtls><Refs><MsgId>1349395-pacs.008-1</MsgId><AcctSvcrRef>F001310120233721316</AcctSvcrRef><EndToEndId>/VS333/SS/KS</EndToEndId></Refs><BkTxCd><Prtry><Cd>10000403000</Cd><Issr>SBA</Issr></Prtry></BkTxCd><RltdPties><DbtrAcct><Id><IBAN>SK6575000000004002758681</IBAN></Id><Nm>SANDORFI PAVOL</Nm></DbtrAcct><CdtrAcct><Id><IBAN>SK8809000000005149764503</IBAN></Id><Nm>Papezske misijne diela</Nm></CdtrAcct></RltdPties><RltdAgts><DbtrAgt><FinInstnId><BIC>CEKOSKBX</BIC></FinInstnId></DbtrAgt><CdtrAgt><FinInstnId><BIC>GIBASKBX</BIC></FinInstnId></CdtrAgt></RltdAgts><RmtInf><Ustrd>/DO2023-01-30/SPdar</Ustrd></RmtInf></TxDtls></NtryDtls></Ntry>
<Ntry><NtryRef>2023-01-30/O:5M5E72</NtryRef><Amt Ccy="EUR">150</Amt><CdtDbtInd>CRDT</CdtDbtInd><RvslInd>false</RvslInd><Sts>BOOK</Sts><BookgDt><Dt>2023-01-31</Dt></BookgDt><ValDt><Dt>2023-01-31</Dt></ValDt><BkTxCd><Prtry><Cd>10000403000</Cd><Issr>SBA</Issr></Prtry></BkTxCd><NtryDtls><TxDtls><Refs><MsgId>1349407-pacs.008-1</MsgId><AcctSvcrRef>F001310120233729341</AcctSvcrRef><EndToEndId>/VS77791068/SS2023/KS0308</EndToEndId></Refs><BkTxCd><Prtry><Cd>10000403000</Cd><Issr>SBA</Issr></Prtry></BkTxCd><RltdPties><Dbtr><Id><PrvtId><Othr><Id>83728</Id><Issr>MN817155</Issr></Othr></PrvtId></Id></Dbtr><DbtrAcct><Id><IBAN>SK3231000000003220017908</IBAN></Id><Nm>GALVANKOVA JANA</Nm></DbtrAcct><CdtrAcct><Id><IBAN>SK8809000000005149764503</IBAN></Id><Nm>Papezske misijne diela</Nm></CdtrAcct></RltdPties><RltdAgts><DbtrAgt><FinInstnId><BIC>LUBASKBX</BIC></FinInstnId></DbtrAgt><CdtrAgt><FinInstnId><BIC>GIBASKBX</BIC></FinInstnId></CdtrAgt></RltdAgts><RmtInf><Ustrd>/DO2023-01-30/SPgreg omse ocko</Ustrd></RmtInf></TxDtls></NtryDtls></Ntry>
<Ntry><NtryRef>2023-01-30/O:5M5E77</NtryRef><Amt Ccy="EUR">5</Amt><CdtDbtInd>CRDT</CdtDbtInd><RvslInd>false</RvslInd><Sts>BOOK</Sts><BookgDt><Dt>2023-01-31</Dt></BookgDt><ValDt><Dt>2023-01-31</Dt></ValDt><BkTxCd><Prtry><Cd>10000403000</Cd><Issr>SBA</Issr></Prtry></BkTxCd><NtryDtls><TxDtls><Refs><MsgId>1349407-pacs.008-1</MsgId><AcctSvcrRef>F001310120233729344</AcctSvcrRef><EndToEndId>/VS77791067/SS2023/KS0308</EndToEndId></Refs><BkTxCd><Prtry><Cd>10000403000</Cd><Issr>SBA</Issr></Prtry></BkTxCd><RltdPties><Dbtr><Id><PrvtId><Othr><Id>83728</Id><Issr>MN817155</Issr></Othr></PrvtId></Id></Dbtr><DbtrAcct><Id><IBAN>SK3231000000003220017908</IBAN></Id><Nm>GALVANKOVA JANA</Nm></DbtrAcct><CdtrAcct><Id><IBAN>SK8809000000005149764503</IBAN></Id><Nm>Papezske misijne diela</Nm></CdtrAcct></RltdPties><RltdAgts><DbtrAgt><FinInstnId><BIC>LUBASKBX</BIC></FinInstnId></DbtrAgt><CdtrAgt><FinInstnId><BIC>GIBASKBX</BIC></FinInstnId></CdtrAgt></RltdAgts><RmtInf><Ustrd>/DO2023-01-30/SPgalvankova rodina</Ustrd></RmtInf></TxDtls></NtryDtls></Ntry>
<Ntry><NtryRef>20230130-IZ568640630</NtryRef><Amt Ccy="EUR">22</Amt><CdtDbtInd>CRDT</CdtDbtInd><RvslInd>false</RvslInd><Sts>BOOK</Sts><BookgDt><Dt>2023-01-31</Dt></BookgDt><ValDt><Dt>2023-01-31</Dt></ValDt><BkTxCd><Prtry><Cd>10000403000</Cd><Issr>SBA</Issr></Prtry></BkTxCd><NtryDtls><TxDtls><Refs><MsgId>1349386-pacs.008-1</MsgId><AcctSvcrRef>F001310120233738249</AcctSvcrRef><EndToEndId>/VS77791086/SS/KS</EndToEndId></Refs><BkTxCd><Prtry><Cd>10000403000</Cd><Issr>SBA</Issr></Prtry></BkTxCd><RltdPties><DbtrAcct><Id><IBAN>SK3011110000006852712013</IBAN></Id><Nm>VYBOH PETER</Nm></DbtrAcct><CdtrAcct><Id><IBAN>SK8809000000005149764503</IBAN></Id><Nm>Papezske misijne diela</Nm></CdtrAcct></RltdPties><RltdAgts><DbtrAgt><FinInstnId><BIC>UNCRSKBX</BIC></FinInstnId></DbtrAgt><CdtrAgt><FinInstnId><BIC>GIBASKBX</BIC></FinInstnId></CdtrAgt></RltdAgts><RmtInf><Ustrd>omsovy milodar</Ustrd></RmtInf></TxDtls></NtryDtls></Ntry>
<Ntry><NtryRef>2303013559380546</NtryRef><Amt Ccy="EUR">50</Amt><CdtDbtInd>CRDT</CdtDbtInd><RvslInd>false</RvslInd><Sts>BOOK</Sts><BookgDt><Dt>2023-01-31</Dt></BookgDt><ValDt><Dt>2023-01-31</Dt></ValDt><BkTxCd><Prtry><Cd>10000403000</Cd><Issr>SBA</Issr></Prtry></BkTxCd><NtryDtls><TxDtls><Refs><MsgId>1349399-pacs.008-1</MsgId><AcctSvcrRef>F001310120233743378</AcctSvcrRef><EndToEndId>/VS77791082/SS/KS</EndToEndId></Refs><BkTxCd><Prtry><Cd>10000403000</Cd><Issr>SBA</Issr></Prtry></BkTxCd><RltdPties><DbtrAcct><Id><IBAN>SK9502000000000604249552</IBAN></Id><Nm>Jozef Kusnir</Nm></DbtrAcct><CdtrAcct><Id><IBAN>SK8809000000005149764503</IBAN></Id><Nm>Papezske misijne diela</Nm></CdtrAcct></RltdPties><RltdAgts><DbtrAgt><FinInstnId><BIC>SUBASKBX</BIC></FinInstnId></DbtrAgt><CdtrAgt><FinInstnId><BIC>GIBASKBX</BIC></FinInstnId></CdtrAgt></RltdAgts><RmtInf><Ustrd>/DO2023-01-30/SP</Ustrd></RmtInf></TxDtls></NtryDtls></Ntry>
<Ntry><NtryRef>20230130-PRSCT00001308</NtryRef><Amt Ccy="EUR">80</Amt><CdtDbtInd>CRDT</CdtDbtInd><RvslInd>false</RvslInd><Sts>BOOK</Sts><BookgDt><Dt>2023-01-31</Dt></BookgDt><ValDt><Dt>2023-01-31</Dt></ValDt><BkTxCd><Prtry><Cd>10000403000</Cd><Issr>SBA</Issr></Prtry></BkTxCd><NtryDtls><TxDtls><Refs><MsgId>1349399-pacs.008-1</MsgId><AcctSvcrRef>F001310120233742276</AcctSvcrRef><EndToEndId>/VS77791051/SS/KS</EndToEndId></Refs><BkTxCd><Prtry><Cd>10000403000</Cd><Issr>SBA</Issr></Prtry></BkTxCd><RltdPties><DbtrAcct><Id><IBAN>SK2075000000004001390918</IBAN></Id><Nm>ZOLOTOVA ANDREA</Nm></DbtrAcct><CdtrAcct><Id><IBAN>SK8809000000005149764503</IBAN></Id><Nm>Papezske misijne diela</Nm></CdtrAcct></RltdPties><RltdAgts><DbtrAgt><FinInstnId><BIC>CEKOSKBX</BIC></FinInstnId></DbtrAgt><CdtrAgt><FinInstnId><BIC>GIBASKBX</BIC></FinInstnId></CdtrAgt></RltdAgts><RmtInf><Ustrd>/DO2023-01-30/SPRadek Zolota Bernolakova 1090 Vranov</Ustrd></RmtInf></TxDtls></NtryDtls></Ntry>
<Ntry><NtryRef>20230130-PRSCT00002529</NtryRef><Amt Ccy="EUR">335</Amt><CdtDbtInd>CRDT</CdtDbtInd><RvslInd>false</RvslInd><Sts>BOOK</Sts><BookgDt><Dt>2023-01-31</Dt></BookgDt><ValDt><Dt>2023-01-31</Dt></ValDt><BkTxCd><Prtry><Cd>10000403000</Cd><Issr>SBA</Issr></Prtry></BkTxCd><NtryDtls><TxDtls><Refs><MsgId>1349399-pacs.008-1</MsgId><AcctSvcrRef>F001310120233743168</AcctSvcrRef><EndToEndId>/VS333/SS/KS</EndToEndId></Refs><BkTxCd><Prtry><Cd>10000403000</Cd><Issr>SBA</Issr></Prtry></BkTxCd><RltdPties><DbtrAcct><Id><IBAN>SK0375000000004005502569</IBAN></Id><Nm>CUZY STANISLAV</Nm></DbtrAcct><CdtrAcct><Id><IBAN>SK8809000000005149764503</IBAN></Id><Nm>Papezske misijne diela</Nm></CdtrAcct></RltdPties><RltdAgts><DbtrAgt><FinInstnId><BIC>CEKOSKBX</BIC></FinInstnId></DbtrAgt><CdtrAgt><FinInstnId><BIC>GIBASKBX</BIC></FinInstnId></CdtrAgt></RltdAgts><RmtInf><Ustrd>/DO2023-01-30/SPZa nalepky POZEHNANIE PRIBYTKOV, veriaci zo Suchohradu (farnost Zahorska Ves)</Ustrd></RmtInf></TxDtls></NtryDtls></Ntry>
<Ntry><NtryRef>20230130-PRSCT00010483</NtryRef><Amt Ccy="EUR">15</Amt><CdtDbtInd>CRDT</CdtDbtInd><RvslInd>false</RvslInd><Sts>BOOK</Sts><BookgDt><Dt>2023-01-31</Dt></BookgDt><ValDt><Dt>2023-01-31</Dt></ValDt><BkTxCd><Prtry><Cd>10000403000</Cd><Issr>SBA</Issr></Prtry></BkTxCd><NtryDtls><TxDtls><Refs><MsgId>1349399-pacs.008-1</MsgId><AcctSvcrRef>F001310120233744122</AcctSvcrRef><EndToEndId>/VS4321/SS/KS</EndToEndId></Refs><BkTxCd><Prtry><Cd>10000403000</Cd><Issr>SBA</Issr></Prtry></BkTxCd><RltdPties><DbtrAcct><Id><IBAN>SK8075000000000211669193</IBAN></Id><Nm>DURICOVA JARMILA</Nm></DbtrAcct><CdtrAcct><Id><IBAN>SK8809000000005149764503</IBAN></Id><Nm>Papezske misijne diela</Nm></CdtrAcct></RltdPties><RltdAgts><DbtrAgt><FinInstnId><BIC>CEKOSKBX</BIC></FinInstnId></DbtrAgt><CdtrAgt><FinInstnId><BIC>GIBASKBX</BIC></FinInstnId></CdtrAgt></RltdAgts><RmtInf><Ustrd>/DO2023-01-30/SPJMartinkova Visolaje 32</Ustrd></RmtInf></TxDtls></NtryDtls></Ntry>
<Ntry><NtryRef>2303113559463530</NtryRef><Amt Ccy="EUR">1730</Amt><CdtDbtInd>CRDT</CdtDbtInd><RvslInd>false</RvslInd><Sts>BOOK</Sts><BookgDt><Dt>2023-01-31</Dt></BookgDt><ValDt><Dt>2023-01-31</Dt></ValDt><BkTxCd><Prtry><Cd>10000403000</Cd><Issr>SBA</Issr></Prtry></BkTxCd><NtryDtls><TxDtls><Refs><MsgId>1349412-pacs.008-1</MsgId><AcctSvcrRef>F001310120233755654</AcctSvcrRef><EndToEndId>/VS1003000055/SS6010000481/KS0998</EndToEndId></Refs><BkTxCd><Prtry><Cd>10000403000</Cd><Issr>SBA</Issr></Prtry></BkTxCd><RltdPties><DbtrAcct><Id><IBAN>SK6902000020140015805012</IBAN></Id><Nm>SLOVENSKA POSTA, A.S.</Nm></DbtrAcct><CdtrAcct><Id><IBAN>SK8809000000005149764503</IBAN></Id><Nm>Papezske misijne diela</Nm></CdtrAcct></RltdPties><RltdAgts><DbtrAgt><FinInstnId><BIC>SUBASKBX</BIC></FinInstnId></DbtrAgt><CdtrAgt><FinInstnId><BIC>GIBASKBX</BIC></FinInstnId></CdtrAgt></RltdAgts><RmtInf><Ustrd>/DO2023-01-31/SP</Ustrd></RmtInf></TxDtls></NtryDtls></Ntry>
<Ntry><NtryRef>2303013559996134</NtryRef><Amt Ccy="EUR">150</Amt><CdtDbtInd>CRDT</CdtDbtInd><RvslInd>false</RvslInd><Sts>BOOK</Sts><BookgDt><Dt>2023-01-31</Dt></BookgDt><ValDt><Dt>2023-01-31</Dt></ValDt><BkTxCd><Prtry><Cd>10000403000</Cd><Issr>SBA</Issr></Prtry></BkTxCd><NtryDtls><TxDtls><Refs><MsgId>1349412-pacs.008-1</MsgId><AcctSvcrRef>F001310120233753287</AcctSvcrRef><EndToEndId>/VS320/SS/KS</EndToEndId></Refs><BkTxCd><Prtry><Cd>10000403000</Cd><Issr>SBA</Issr></Prtry></BkTxCd><RltdPties><DbtrAcct><Id><IBAN>SK4802000000001742666551</IBAN></Id><Nm>Lenka Filipkova</Nm></DbtrAcct><CdtrAcct><Id><IBAN>SK8809000000005149764503</IBAN></Id><Nm>Papezske misijne diela</Nm></CdtrAcct></RltdPties><RltdAgts><DbtrAgt><FinInstnId><BIC>SUBASKBX</BIC></FinInstnId></DbtrAgt><CdtrAgt><FinInstnId><BIC>GIBASKBX</BIC></FinInstnId></CdtrAgt></RltdAgts><RmtInf><Ustrd>/DO2023-01-30/SP</Ustrd></RmtInf></TxDtls></NtryDtls></Ntry>
<Ntry><NtryRef>2303013559969510</NtryRef><Amt Ccy="EUR">50</Amt><CdtDbtInd>CRDT</CdtDbtInd><RvslInd>false</RvslInd><Sts>BOOK</Sts><BookgDt><Dt>2023-01-31</Dt></BookgDt><ValDt><Dt>2023-01-31</Dt></ValDt><BkTxCd><Prtry><Cd>10000403000</Cd><Issr>SBA</Issr></Prtry></BkTxCd><NtryDtls><TxDtls><Refs><MsgId>1349412-pacs.008-1</MsgId><AcctSvcrRef>F001310120233751960</AcctSvcrRef><EndToEndId>/VS320/SS/KS</EndToEndId></Refs><BkTxCd><Prtry><Cd>10000403000</Cd><Issr>SBA</Issr></Prtry></BkTxCd><RltdPties><DbtrAcct><Id><IBAN>SK9802000000006607246012</IBAN></Id><Nm>Antonia Moskova</Nm></DbtrAcct><CdtrAcct><Id><IBAN>SK8809000000005149764503</IBAN></Id><Nm>Papezske misijne diela</Nm></CdtrAcct></RltdPties><RltdAgts><DbtrAgt><FinInstnId><BIC>SUBASKBX</BIC></FinInstnId></DbtrAgt><CdtrAgt><FinInstnId><BIC>GIBASKBX</BIC></FinInstnId></CdtrAgt></RltdAgts><RmtInf><Ustrd>/DO2023-01-30/SP</Ustrd></RmtInf></TxDtls></NtryDtls></Ntry>
<Ntry><NtryRef>2303013560030308</NtryRef><Amt Ccy="EUR">50</Amt><CdtDbtInd>CRDT</CdtDbtInd><RvslInd>false</RvslInd><Sts>BOOK</Sts><BookgDt><Dt>2023-01-31</Dt></BookgDt><ValDt><Dt>2023-01-31</Dt></ValDt><BkTxCd><Prtry><Cd>10000403000</Cd><Issr>SBA</Issr></Prtry></BkTxCd><NtryDtls><TxDtls><Refs><MsgId>1349412-pacs.008-1</MsgId><AcctSvcrRef>F001310120233753361</AcctSvcrRef><EndToEndId>/VS333/SS/KS8</EndToEndId></Refs><BkTxCd><Prtry><Cd>10000403000</Cd><Issr>SBA</Issr></Prtry></BkTxCd><RltdPties><DbtrAcct><Id><IBAN>SK8902000000000113142152</IBAN></Id><Nm>ING JULIUS JUHASZ - GEODET</Nm></DbtrAcct><CdtrAcct><Id><IBAN>SK8809000000005149764503</IBAN></Id><Nm>Papezske misijne diela</Nm></CdtrAcct><UltmtCdtr><Nm>geojuhazgmail.com</Nm></UltmtCdtr></RltdPties><RltdAgts><DbtrAgt><FinInstnId><BIC>SUBASKBX</BIC></FinInstnId></DbtrAgt><CdtrAgt><FinInstnId><BIC>GIBASKBX</BIC></FinInstnId></CdtrAgt></RltdAgts><RmtInf><Ustrd>/DO2023-01-30/SP Juhasz</Ustrd></RmtInf></TxDtls></NtryDtls></Ntry>
<Ntry><NtryRef>2303013559956386</NtryRef><Amt Ccy="EUR">30</Amt><CdtDbtInd>CRDT</CdtDbtInd><RvslInd>false</RvslInd><Sts>BOOK</Sts><BookgDt><Dt>2023-01-31</Dt></BookgDt><ValDt><Dt>2023-01-31</Dt></ValDt><BkTxCd><Prtry><Cd>10000403000</Cd><Issr>SBA</Issr></Prtry></BkTxCd><NtryDtls><TxDtls><Refs><MsgId>1349412-pacs.008-1</MsgId><AcctSvcrRef>F001310120233751785</AcctSvcrRef><EndToEndId>/VS123/SS/KS</EndToEndId></Refs><BkTxCd><Prtry><Cd>10000403000</Cd><Issr>SBA</Issr></Prtry></BkTxCd><RltdPties><DbtrAcct><Id><IBAN>SK9702000000001350191059</IBAN></Id><Nm>Rastislav Duriska</Nm></DbtrAcct><CdtrAcct><Id><IBAN>SK8809000000005149764503</IBAN></Id><Nm>Papezske misijne diela</Nm></CdtrAcct></RltdPties><RltdAgts><DbtrAgt><FinInstnId><BIC>SUBASKBX</BIC></FinInstnId></DbtrAgt><CdtrAgt><FinInstnId><BIC>GIBASKBX</BIC></FinInstnId></CdtrAgt></RltdAgts><RmtInf><Ustrd>/DO2023-01-30/SP misijne zrnko Bojna</Ustrd></RmtInf></TxDtls></NtryDtls></Ntry>
<Ntry><NtryRef>202301318689085890320000001000</NtryRef><Amt Ccy="EUR">50</Amt><CdtDbtInd>CRDT</CdtDbtInd><RvslInd>false</RvslInd><Sts>BOOK</Sts><BookgDt><Dt>2023-01-31</Dt></BookgDt><ValDt><Dt>2023-01-31</Dt></ValDt><BkTxCd><Prtry><Cd>10000403000</Cd><Issr>SBA</Issr></Prtry></BkTxCd><NtryDtls><TxDtls><Refs><MsgId>1349424-pacs.008-1</MsgId><AcctSvcrRef>F001310120233759651</AcctSvcrRef><InstrId>GENODEFF310123001638210029021</InstrId><EndToEndId>NOTPROVIDED</EndToEndId></Refs><BkTxCd><Prtry><Cd>10000403000</Cd><Issr>SBA</Issr></Prtry></BkTxCd><RltdPties><DbtrAcct><Id><IBAN>DE97672300004010831688</IBAN></Id><Nm>Pavol Spisak</Nm></DbtrAcct><CdtrAcct><Id><IBAN>SK8809000000005149764503</IBAN></Id><Nm>Papezske misijne diela</Nm></CdtrAcct></RltdPties><RltdAgts><DbtrAgt><FinInstnId><BIC>MLPBDE61</BIC></FinInstnId></DbtrAgt><CdtrAgt><FinInstnId><BIC>GIBASKBX</BIC></FinInstnId></CdtrAgt></RltdAgts><RmtInf><Ustrd>VS: 7171, spisakpavol.gmail.com</Ustrd></RmtInf></TxDtls></NtryDtls></Ntry>
<Ntry><NtryRef>202301318689414790320000001000</NtryRef><Amt Ccy="EUR">150</Amt><CdtDbtInd>CRDT</CdtDbtInd><RvslInd>false</RvslInd><Sts>BOOK</Sts><BookgDt><Dt>2023-01-31</Dt></BookgDt><ValDt><Dt>2023-01-31</Dt></ValDt><BkTxCd><Prtry><Cd>10000403000</Cd><Issr>SBA</Issr></Prtry></BkTxCd><NtryDtls><TxDtls><Refs><MsgId>1349424-pacs.008-1</MsgId><AcctSvcrRef>F001310120233759654</AcctSvcrRef><InstrId>GENODEFF310123001638210029022</InstrId><EndToEndId>NOTPROVIDED</EndToEndId></Refs><BkTxCd><Prtry><Cd>10000403000</Cd><Issr>SBA</Issr></Prtry></BkTxCd><RltdPties><DbtrAcct><Id><IBAN>DE97672300004010831688</IBAN></Id><Nm>Pavol Spisak</Nm></DbtrAcct><CdtrAcct><Id><IBAN>SK8809000000005149764503</IBAN></Id><Nm>Papezske misijne diela</Nm></CdtrAcct></RltdPties><RltdAgts><DbtrAgt><FinInstnId><BIC>MLPBDE61</BIC></FinInstnId></DbtrAgt><CdtrAgt><FinInstnId><BIC>GIBASKBX</BIC></FinInstnId></CdtrAgt></RltdAgts><RmtInf><Ustrd>VS: 3434, spisakpavol.gmail.com</Ustrd></RmtInf></TxDtls></NtryDtls></Ntry>
<Ntry><NtryRef>20230130-IZ568469802</NtryRef><Amt Ccy="EUR">150</Amt><CdtDbtInd>CRDT</CdtDbtInd><RvslInd>false</RvslInd><Sts>BOOK</Sts><BookgDt><Dt>2023-01-31</Dt></BookgDt><ValDt><Dt>2023-01-31</Dt></ValDt><BkTxCd><Prtry><Cd>10000403000</Cd><Issr>SBA</Issr></Prtry></BkTxCd><NtryDtls><TxDtls><Refs><MsgId>1349385-pacs.008-4</MsgId><AcctSvcrRef>F001310120233768302</AcctSvcrRef><EndToEndId>/VS77791001/SS0917814006/KS</EndToEndId></Refs><BkTxCd><Prtry><Cd>10000403000</Cd><Issr>SBA</Issr></Prtry></BkTxCd><RltdPties><DbtrAcct><Id><IBAN>SK6211110000001695576069</IBAN></Id><Nm>MARTINA GRESLIKOVA</Nm></DbtrAcct><CdtrAcct><Id><IBAN>SK8809000000005149764503</IBAN></Id><Nm>Papezske misijne diela</Nm></CdtrAcct></RltdPties><RltdAgts><DbtrAgt><FinInstnId><BIC>UNCRSKBX</BIC></FinInstnId></DbtrAgt><CdtrAgt><FinInstnId><BIC>GIBASKBX</BIC></FinInstnId></CdtrAgt></RltdAgts><RmtInf><Ustrd>PAY by square 77791001</Ustrd></RmtInf></TxDtls></NtryDtls></Ntry>
<Ntry><NtryRef>20230130-IZ568472931</NtryRef><Amt Ccy="EUR">100</Amt><CdtDbtInd>CRDT</CdtDbtInd><RvslInd>false</RvslInd><Sts>BOOK</Sts><BookgDt><Dt>2023-01-31</Dt></BookgDt><ValDt><Dt>2023-01-31</Dt></ValDt><BkTxCd><Prtry><Cd>10000403000</Cd><Issr>SBA</Issr></Prtry></BkTxCd><NtryDtls><TxDtls><Refs><MsgId>1349385-pacs.008-4</MsgId><AcctSvcrRef>F001310120233765378</AcctSvcrRef><EndToEndId>/VS77791005/SS/KS</EndToEndId></Refs><BkTxCd><Prtry><Cd>10000403000</Cd><Issr>SBA</Issr></Prtry></BkTxCd><RltdPties><DbtrAcct><Id><IBAN>SK4211110000001548897006</IBAN></Id><Nm>POLAKOVA EMILIA</Nm></DbtrAcct><CdtrAcct><Id><IBAN>SK8809000000005149764503</IBAN></Id><Nm>Papezske misijne diela</Nm></CdtrAcct></RltdPties><RltdAgts><DbtrAgt><FinInstnId><BIC>UNCRSKBX</BIC></FinInstnId></DbtrAgt><CdtrAgt><FinInstnId><BIC>GIBASKBX</BIC></FinInstnId></CdtrAgt></RltdAgts><RmtInf><Ustrd>PAY by square 77791005</Ustrd></RmtInf></TxDtls></NtryDtls></Ntry>
<Ntry><NtryRef>20230130-IZ568474106</NtryRef><Amt Ccy="EUR">10</Amt><CdtDbtInd>CRDT</CdtDbtInd><RvslInd>false</RvslInd><Sts>BOOK</Sts><BookgDt><Dt>2023-01-31</Dt></BookgDt><ValDt><Dt>2023-01-31</Dt></ValDt><BkTxCd><Prtry><Cd>10000403000</Cd><Issr>SBA</Issr></Prtry></BkTxCd><NtryDtls><TxDtls><Refs><MsgId>1349385-pacs.008-4</MsgId><AcctSvcrRef>F001310120233766396</AcctSvcrRef><EndToEndId>/VS77791011/SS/KS</EndToEndId></Refs><BkTxCd><Prtry><Cd>10000403000</Cd><Issr>SBA</Issr></Prtry></BkTxCd><RltdPties><DbtrAcct><Id><IBAN>SK6011110000006644816029</IBAN></Id><Nm>JERDONKOVA ANDREA</Nm></DbtrAcct><CdtrAcct><Id><IBAN>SK8809000000005149764503</IBAN></Id><Nm>Papezske misijne diela</Nm></CdtrAcct></RltdPties><RltdAgts><DbtrAgt><FinInstnId><BIC>UNCRSKBX</BIC></FinInstnId></DbtrAgt><CdtrAgt><FinInstnId><BIC>GIBASKBX</BIC></FinInstnId></CdtrAgt></RltdAgts><RmtInf><Ustrd>PAY by square 77791011</Ustrd></RmtInf></TxDtls></NtryDtls></Ntry>
<Ntry><NtryRef>20230130-IZ568474239</NtryRef><Amt Ccy="EUR">10</Amt><CdtDbtInd>CRDT</CdtDbtInd><RvslInd>false</RvslInd><Sts>BOOK</Sts><BookgDt><Dt>2023-01-31</Dt></BookgDt><ValDt><Dt>2023-01-31</Dt></ValDt><BkTxCd><Prtry><Cd>10000403000</Cd><Issr>SBA</Issr></Prtry></BkTxCd><NtryDtls><TxDtls><Refs><MsgId>1349385-pacs.008-4</MsgId><AcctSvcrRef>F001310120233766436</AcctSvcrRef><EndToEndId>/VS77791012/SS/KS</EndToEndId></Refs><BkTxCd><Prtry><Cd>10000403000</Cd><Issr>SBA</Issr></Prtry></BkTxCd><RltdPties><DbtrAcct><Id><IBAN>SK6011110000006644816029</IBAN></Id><Nm>JERDONKOVA ANDREA</Nm></DbtrAcct><CdtrAcct><Id><IBAN>SK8809000000005149764503</IBAN></Id><Nm>Papezske misijne diela</Nm></CdtrAcct></RltdPties><RltdAgts><DbtrAgt><FinInstnId><BIC>UNCRSKBX</BIC></FinInstnId></DbtrAgt><CdtrAgt><FinInstnId><BIC>GIBASKBX</BIC></FinInstnId></CdtrAgt></RltdAgts><RmtInf><Ustrd>PAY by square 77791012</Ustrd></RmtInf></TxDtls></NtryDtls></Ntry>
<Ntry><NtryRef>20230130-IZ568478715</NtryRef><Amt Ccy="EUR">15</Amt><CdtDbtInd>CRDT</CdtDbtInd><RvslInd>false</RvslInd><Sts>BOOK</Sts><BookgDt><Dt>2023-01-31</Dt></BookgDt><ValDt><Dt>2023-01-31</Dt></ValDt><BkTxCd><Prtry><Cd>10000403000</Cd><Issr>SBA</Issr></Prtry></BkTxCd><NtryDtls><TxDtls><Refs><MsgId>1349385-pacs.008-4</MsgId><AcctSvcrRef>F001310120233764441</AcctSvcrRef><EndToEndId>/VS77791023/SS/KS</EndToEndId></Refs><BkTxCd><Prtry><Cd>10000403000</Cd><Issr>SBA</Issr></Prtry></BkTxCd><RltdPties><DbtrAcct><Id><IBAN>SK2811110000001116958004</IBAN></Id><Nm>LUBOMIRA BOHDANOVA</Nm></DbtrAcct><CdtrAcct><Id><IBAN>SK8809000000005149764503</IBAN></Id><Nm>Papezske misijne diela</Nm></CdtrAcct></RltdPties><RltdAgts><DbtrAgt><FinInstnId><BIC>UNCRSKBX</BIC></FinInstnId></DbtrAgt><CdtrAgt><FinInstnId><BIC>GIBASKBX</BIC></FinInstnId></CdtrAgt></RltdAgts><RmtInf><Ustrd>PAY by square 77791023</Ustrd></RmtInf></TxDtls></NtryDtls></Ntry>
<Ntry><NtryRef>20230130-IZ568480923</NtryRef><Amt Ccy="EUR">10</Amt><CdtDbtInd>CRDT</CdtDbtInd><RvslInd>false</RvslInd><Sts>BOOK</Sts><BookgDt><Dt>2023-01-31</Dt></BookgDt><ValDt><Dt>2023-01-31</Dt></ValDt><BkTxCd><Prtry><Cd>10000403000</Cd><Issr>SBA</Issr></Prtry></BkTxCd><NtryDtls><TxDtls><Refs><MsgId>1349385-pacs.008-4</MsgId><AcctSvcrRef>F001310120233765786</AcctSvcrRef><EndToEndId>/VS77791028/SS/KS</EndToEndId></Refs><BkTxCd><Prtry><Cd>10000403000</Cd><Issr>SBA</Issr></Prtry></BkTxCd><RltdPties><DbtrAcct><Id><IBAN>SK7511110000001191164001</IBAN></Id><Nm>LYDIA ORSULOVA</Nm></DbtrAcct><CdtrAcct><Id><IBAN>SK8809000000005149764503</IBAN></Id><Nm>Papezske misijne diela</Nm></CdtrAcct></RltdPties><RltdAgts><DbtrAgt><FinInstnId><BIC>UNCRSKBX</BIC></FinInstnId></DbtrAgt><CdtrAgt><FinInstnId><BIC>GIBASKBX</BIC></FinInstnId></CdtrAgt></RltdAgts><RmtInf><Ustrd>lydiusko14.azet.sk</Ustrd></RmtInf></TxDtls></NtryDtls></Ntry>
<Ntry><NtryRef>20230130-IZ568480971</NtryRef><Amt Ccy="EUR">10</Amt><CdtDbtInd>CRDT</CdtDbtInd><RvslInd>false</RvslInd><Sts>BOOK</Sts><BookgDt><Dt>2023-01-31</Dt></BookgDt><ValDt><Dt>2023-01-31</Dt></ValDt><BkTxCd><Prtry><Cd>10000403000</Cd><Issr>SBA</Issr></Prtry></BkTxCd><NtryDtls><TxDtls><Refs><MsgId>1349385-pacs.008-4</MsgId><AcctSvcrRef>F001310120233765836</AcctSvcrRef><EndToEndId>/VS77791029/SS/KS</EndToEndId></Refs><BkTxCd><Prtry><Cd>10000403000</Cd><Issr>SBA</Issr></Prtry></BkTxCd><RltdPties><DbtrAcct><Id><IBAN>SK7511110000001191164001</IBAN></Id><Nm>LYDIA ORSULOVA</Nm></DbtrAcct><CdtrAcct><Id><IBAN>SK8809000000005149764503</IBAN></Id><Nm>Papezske misijne diela</Nm></CdtrAcct></RltdPties><RltdAgts><DbtrAgt><FinInstnId><BIC>UNCRSKBX</BIC></FinInstnId></DbtrAgt><CdtrAgt><FinInstnId><BIC>GIBASKBX</BIC></FinInstnId></CdtrAgt></RltdAgts><RmtInf><Ustrd>lydiusko14.azet.sk</Ustrd></RmtInf></TxDtls></NtryDtls></Ntry>
<Ntry><NtryRef>20230130-IZ568482608</NtryRef><Amt Ccy="EUR">20</Amt><CdtDbtInd>CRDT</CdtDbtInd><RvslInd>false</RvslInd><Sts>BOOK</Sts><BookgDt><Dt>2023-01-31</Dt></BookgDt><ValDt><Dt>2023-01-31</Dt></ValDt><BkTxCd><Prtry><Cd>10000403000</Cd><Issr>SBA</Issr></Prtry></BkTxCd><NtryDtls><TxDtls><Refs><MsgId>1349385-pacs.008-4</MsgId><AcctSvcrRef>F001310120233766771</AcctSvcrRef><EndToEndId>/VS77791031/SS/KS</EndToEndId></Refs><BkTxCd><Prtry><Cd>10000403000</Cd><Issr>SBA</Issr></Prtry></BkTxCd><RltdPties><DbtrAcct><Id><IBAN>SK5511110000001405271006</IBAN></Id><Nm>GREMANOVA KATARINA</Nm></DbtrAcct><CdtrAcct><Id><IBAN>SK8809000000005149764503</IBAN></Id><Nm>Papezske misijne diela</Nm></CdtrAcct></RltdPties><RltdAgts><DbtrAgt><FinInstnId><BIC>UNCRSKBX</BIC></FinInstnId></DbtrAgt><CdtrAgt><FinInstnId><BIC>GIBASKBX</BIC></FinInstnId></CdtrAgt></RltdAgts><RmtInf><Ustrd>PAY by square 77791031</Ustrd></RmtInf></TxDtls></NtryDtls></Ntry>
<Ntry><NtryRef>20230130-IZ568483298</NtryRef><Amt Ccy="EUR">50</Amt><CdtDbtInd>CRDT</CdtDbtInd><RvslInd>false</RvslInd><Sts>BOOK</Sts><BookgDt><Dt>2023-01-31</Dt></BookgDt><ValDt><Dt>2023-01-31</Dt></ValDt><BkTxCd><Prtry><Cd>10000403000</Cd><Issr>SBA</Issr></Prtry></BkTxCd><NtryDtls><TxDtls><Refs><MsgId>1349385-pacs.008-4</MsgId><AcctSvcrRef>F001310120233767248</AcctSvcrRef><EndToEndId>/VS77791033/SS/KS</EndToEndId></Refs><BkTxCd><Prtry><Cd>10000403000</Cd><Issr>SBA</Issr></Prtry></BkTxCd><RltdPties><DbtrAcct><Id><IBAN>SK5911110000001098406002</IBAN></Id><Nm>MOTYCAKOVA ANNA</Nm></DbtrAcct><CdtrAcct><Id><IBAN>SK8809000000005149764503</IBAN></Id><Nm>Papezske misijne diela</Nm></CdtrAcct></RltdPties><RltdAgts><DbtrAgt><FinInstnId><BIC>UNCRSKBX</BIC></FinInstnId></DbtrAgt><CdtrAgt><FinInstnId><BIC>GIBASKBX</BIC></FinInstnId></CdtrAgt></RltdAgts><RmtInf><Ustrd>PAY by square 77791033</Ustrd></RmtInf></TxDtls></NtryDtls></Ntry>
<Ntry><NtryRef>20230130-IZ568483389</NtryRef><Amt Ccy="EUR">50</Amt><CdtDbtInd>CRDT</CdtDbtInd><RvslInd>false</RvslInd><Sts>BOOK</Sts><BookgDt><Dt>2023-01-31</Dt></BookgDt><ValDt><Dt>2023-01-31</Dt></ValDt><BkTxCd><Prtry><Cd>10000403000</Cd><Issr>SBA</Issr></Prtry></BkTxCd><NtryDtls><TxDtls><Refs><MsgId>1349385-pacs.008-4</MsgId><AcctSvcrRef>F001310120233767309</AcctSvcrRef><EndToEndId>/VS77791034/SS/KS</EndToEndId></Refs><BkTxCd><Prtry><Cd>10000403000</Cd><Issr>SBA</Issr></Prtry></BkTxCd><RltdPties><DbtrAcct><Id><IBAN>SK5911110000001098406002</IBAN></Id><Nm>MOTYCAKOVA ANNA</Nm></DbtrAcct><CdtrAcct><Id><IBAN>SK8809000000005149764503</IBAN></Id><Nm>Papezske misijne diela</Nm></CdtrAcct></RltdPties><RltdAgts><DbtrAgt><FinInstnId><BIC>UNCRSKBX</BIC></FinInstnId></DbtrAgt><CdtrAgt><FinInstnId><BIC>GIBASKBX</BIC></FinInstnId></CdtrAgt></RltdAgts><RmtInf><Ustrd>PAY by square 77791034</Ustrd></RmtInf></TxDtls></NtryDtls></Ntry>
<Ntry><NtryRef>2023-01-30/O:5M7CKO</NtryRef><Amt Ccy="EUR">10</Amt><CdtDbtInd>CRDT</CdtDbtInd><RvslInd>false</RvslInd><Sts>BOOK</Sts><BookgDt><Dt>2023-01-31</Dt></BookgDt><ValDt><Dt>2023-01-31</Dt></ValDt><BkTxCd><Prtry><Cd>10000403000</Cd><Issr>SBA</Issr></Prtry></BkTxCd><NtryDtls><TxDtls><Refs><MsgId>1349410-pacs.008-1</MsgId><AcctSvcrRef>F001310120233773936</AcctSvcrRef><EndToEndId>/VS333/SS/KS</EndToEndId></Refs><BkTxCd><Prtry><Cd>10000403000</Cd><Issr>SBA</Issr></Prtry></BkTxCd><RltdPties><Dbtr><Id><PrvtId><Othr><Id>369234</Id><Issr>EH558654</Issr></Othr></PrvtId></Id></Dbtr><DbtrAcct><Id><IBAN>SK5856000000003692341001</IBAN></Id><Nm>BALAROVA VLASTA</Nm></DbtrAcct><CdtrAcct><Id><IBAN>SK8809000000005149764503</IBAN></Id><Nm>Papezske misijne diela</Nm></CdtrAcct></RltdPties><RltdAgts><DbtrAgt><FinInstnId><BIC>KOMASK2X</BIC></FinInstnId></DbtrAgt><CdtrAgt><FinInstnId><BIC>GIBASKBX</BIC></FinInstnId></CdtrAgt></RltdAgts><RmtInf><Ustrd>/DO2023-01-30/SPpodpora afric. detom</Ustrd></RmtInf></TxDtls></NtryDtls></Ntry>
<Ntry><NtryRef>2023-01-30/O:5M7CW1</NtryRef><Amt Ccy="EUR">50</Amt><CdtDbtInd>CRDT</CdtDbtInd><RvslInd>false</RvslInd><Sts>BOOK</Sts><BookgDt><Dt>2023-01-31</Dt></BookgDt><ValDt><Dt>2023-01-31</Dt></ValDt><BkTxCd><Prtry><Cd>10000403000</Cd><Issr>SBA</Issr></Prtry></BkTxCd><NtryDtls><TxDtls><Refs><MsgId>1349410-pacs.008-1</MsgId><AcctSvcrRef>F001310120233774136</AcctSvcrRef><EndToEndId>/VS333/SS/KS308</EndToEndId></Refs><BkTxCd><Prtry><Cd>10000403000</Cd><Issr>SBA</Issr></Prtry></BkTxCd><RltdPties><Dbtr><Id><PrvtId><Othr><Id>403067</Id><Issr>MN812662</Issr></Othr></PrvtId></Id></Dbtr><DbtrAcct><Id><IBAN>SK7356000000004012723001</IBAN></Id><Nm>SKOMBAR PAVOL</Nm></DbtrAcct><CdtrAcct><Id><IBAN>SK8809000000005149764503</IBAN></Id><Nm>Papezske misijne diela</Nm></CdtrAcct></RltdPties><RltdAgts><DbtrAgt><FinInstnId><BIC>KOMASK2X</BIC></FinInstnId></DbtrAgt><CdtrAgt><FinInstnId><BIC>GIBASKBX</BIC></FinInstnId></CdtrAgt></RltdAgts><RmtInf><Ustrd>/DO2023-01-30/SP</Ustrd></RmtInf></TxDtls></NtryDtls></Ntry>
<Ntry><NtryRef>2023-01-30/O:5M7HD8</NtryRef><Amt Ccy="EUR">26</Amt><CdtDbtInd>CRDT</CdtDbtInd><RvslInd>false</RvslInd><Sts>BOOK</Sts><BookgDt><Dt>2023-01-31</Dt></BookgDt><ValDt><Dt>2023-01-31</Dt></ValDt><BkTxCd><Prtry><Cd>10000403000</Cd><Issr>SBA</Issr></Prtry></BkTxCd><NtryDtls><TxDtls><Refs><MsgId>1349410-pacs.008-1</MsgId><AcctSvcrRef>F001310120233773189</AcctSvcrRef><EndToEndId>/VS555/SS/KS</EndToEndId></Refs><BkTxCd><Prtry><Cd>10000403000</Cd><Issr>SBA</Issr></Prtry></BkTxCd><RltdPties><Dbtr><Id><PrvtId><Othr><Id>576472</Id><Issr>JG237517</Issr></Othr></PrvtId></Id></Dbtr><DbtrAcct><Id><IBAN>SK3056000000005764724001</IBAN></Id><Nm>KRNAC MIROSLAV</Nm></DbtrAcct><CdtrAcct><Id><IBAN>SK8809000000005149764503</IBAN></Id><Nm>Papezske misijne diela</Nm></CdtrAcct></RltdPties><RltdAgts><DbtrAgt><FinInstnId><BIC>KOMASK2X</BIC></FinInstnId></DbtrAgt><CdtrAgt><FinInstnId><BIC>GIBASKBX</BIC></FinInstnId></CdtrAgt></RltdAgts><RmtInf><Ustrd>/DO2023-01-30/SPDetva 96212, Skliarovo 353, Miroslav Krnac ..... pokoj a dobro</Ustrd></RmtInf></TxDtls></NtryDtls></Ntry>
<Ntry><NtryRef>2023-01-30/O:5M7HLV</NtryRef><Amt Ccy="EUR">200</Amt><CdtDbtInd>CRDT</CdtDbtInd><RvslInd>false</RvslInd><Sts>BOOK</Sts><BookgDt><Dt>2023-01-31</Dt></BookgDt><ValDt><Dt>2023-01-31</Dt></ValDt><BkTxCd><Prtry><Cd>10000403000</Cd><Issr>SBA</Issr></Prtry></BkTxCd><NtryDtls><TxDtls><Refs><MsgId>1349410-pacs.008-1</MsgId><AcctSvcrRef>F001310120233773367</AcctSvcrRef><EndToEndId>/VS77791104/SS/KS0558</EndToEndId></Refs><BkTxCd><Prtry><Cd>10000403000</Cd><Issr>SBA</Issr></Prtry></BkTxCd><RltdPties><Dbtr><Id><PrvtId><Othr><Id>324558</Id><Issr>EC269963</Issr></Othr></PrvtId></Id></Dbtr><DbtrAcct><Id><IBAN>SK8156000000003245584001</IBAN></Id><Nm>BELANSKY VLADIMIR</Nm></DbtrAcct><CdtrAcct><Id><IBAN>SK8809000000005149764503</IBAN></Id><Nm>Papezske misijne diela</Nm></CdtrAcct></RltdPties><RltdAgts><DbtrAgt><FinInstnId><BIC>KOMASK2X</BIC></FinInstnId></DbtrAgt><CdtrAgt><FinInstnId><BIC>GIBASKBX</BIC></FinInstnId></CdtrAgt></RltdAgts><RmtInf><Ustrd>/DO2023-01-30/SPPAY by square 77791104 Vlado.Belansky gmail.com</Ustrd></RmtInf></TxDtls></NtryDtls></Ntry>
<Ntry><NtryRef>OP23013009638801</NtryRef><Amt Ccy="EUR">10</Amt><CdtDbtInd>CRDT</CdtDbtInd><RvslInd>false</RvslInd><Sts>BOOK</Sts><BookgDt><Dt>2023-01-31</Dt></BookgDt><ValDt><Dt>2023-01-31</Dt></ValDt><BkTxCd><Prtry><Cd>10000403000</Cd><Issr>SBA</Issr></Prtry></BkTxCd><NtryDtls><TxDtls><Refs><MsgId>1349410-pacs.008-1</MsgId><AcctSvcrRef>F001310120233771720</AcctSvcrRef><InstrId>OP23013009638801</InstrId><EndToEndId>/VS7171/SS/KS</EndToEndId></Refs><BkTxCd><Prtry><Cd>10000403000</Cd><Issr>SBA</Issr></Prtry></BkTxCd><RltdPties><DbtrAcct><Id><IBAN>SK8511000000002611005010</IBAN></Id><Nm>Schweighofer Augusti</Nm></DbtrAcct><CdtrAcct><Id><IBAN>SK8809000000005149764503</IBAN></Id><Nm>Papezske misijne diela</Nm></CdtrAcct></RltdPties><RltdAgts><DbtrAgt><FinInstnId><BIC>TATRSKBX</BIC></FinInstnId></DbtrAgt><CdtrAgt><FinInstnId><BIC>GIBASKBX</BIC></FinInstnId></CdtrAgt></RltdAgts><RmtInf><Ustrd>/DO2023-01-30/SPpodpora misii</Ustrd></RmtInf></TxDtls></NtryDtls></Ntry>
<Ntry><NtryRef>OP23013009641419</NtryRef><Amt Ccy="EUR">50</Amt><CdtDbtInd>CRDT</CdtDbtInd><RvslInd>false</RvslInd><Sts>BOOK</Sts><BookgDt><Dt>2023-01-31</Dt></BookgDt><ValDt><Dt>2023-01-31</Dt></ValDt><BkTxCd><Prtry><Cd>10000403000</Cd><Issr>SBA</Issr></Prtry></BkTxCd><NtryDtls><TxDtls><Refs><MsgId>1349410-pacs.008-1</MsgId><AcctSvcrRef>F001310120233772683</AcctSvcrRef><InstrId>OP23013009641419</InstrId><EndToEndId>/VS320/SS123/KS308</EndToEndId></Refs><BkTxCd><Prtry><Cd>10000403000</Cd><Issr>SBA</Issr></Prtry></BkTxCd><RltdPties><DbtrAcct><Id><IBAN>SK1411000000002617171511</IBAN></Id><Nm>PODHORCOVA ZDENKA</Nm></DbtrAcct><CdtrAcct><Id><IBAN>SK8809000000005149764503</IBAN></Id><Nm>Papezske misijne diela</Nm></CdtrAcct></RltdPties><RltdAgts><DbtrAgt><FinInstnId><BIC>TATRSKBX</BIC></FinInstnId></DbtrAgt><CdtrAgt><FinInstnId><BIC>GIBASKBX</BIC></FinInstnId></CdtrAgt></RltdAgts><RmtInf><Ustrd>/DO2023-01-30/SPZdenka Podhorcova-adopcia seminaristu, zdenka.podhorcova@azet.sk</Ustrd></RmtInf></TxDtls></NtryDtls></Ntry>
<Ntry><NtryRef>OP23013009641420</NtryRef><Amt Ccy="EUR">50</Amt><CdtDbtInd>CRDT</CdtDbtInd><RvslInd>false</RvslInd><Sts>BOOK</Sts><BookgDt><Dt>2023-01-31</Dt></BookgDt><ValDt><Dt>2023-01-31</Dt></ValDt><BkTxCd><Prtry><Cd>10000403000</Cd><Issr>SBA</Issr></Prtry></BkTxCd><NtryDtls><TxDtls><Refs><MsgId>1349410-pacs.008-1</MsgId><AcctSvcrRef>F001310120233772684</AcctSvcrRef><InstrId>OP23013009641420</InstrId><EndToEndId>/VS320/SS123/KS308</EndToEndId></Refs><BkTxCd><Prtry><Cd>10000403000</Cd><Issr>SBA</Issr></Prtry></BkTxCd><RltdPties><DbtrAcct><Id><IBAN>SK1411000000002617171511</IBAN></Id><Nm>PODHORCOVA ZDENKA</Nm></DbtrAcct><CdtrAcct><Id><IBAN>SK8809000000005149764503</IBAN></Id><Nm>Papezske misijne diela</Nm></CdtrAcct></RltdPties><RltdAgts><DbtrAgt><FinInstnId><BIC>TATRSKBX</BIC></FinInstnId></DbtrAgt><CdtrAgt><FinInstnId><BIC>GIBASKBX</BIC></FinInstnId></CdtrAgt></RltdAgts><RmtInf><Ustrd>/DO2023-01-30/SPZdenka Podhorcova a skupina-adopcia seminaristu, zdenka.podhorcova@azet.sk</Ustrd></RmtInf></TxDtls></NtryDtls></Ntry>
<Ntry><NtryRef>OP23013009645824</NtryRef><Amt Ccy="EUR">50</Amt><CdtDbtInd>CRDT</CdtDbtInd><RvslInd>false</RvslInd><Sts>BOOK</Sts><BookgDt><Dt>2023-01-31</Dt></BookgDt><ValDt><Dt>2023-01-31</Dt></ValDt><BkTxCd><Prtry><Cd>10000403000</Cd><Issr>SBA</Issr></Prtry></BkTxCd><NtryDtls><TxDtls><Refs><MsgId>1349410-pacs.008-1</MsgId><AcctSvcrRef>F001310120233773534</AcctSvcrRef><InstrId>OP23013009645824</InstrId><EndToEndId>/VS320/SS/KS</EndToEndId></Refs><BkTxCd><Prtry><Cd>10000403000</Cd><Issr>SBA</Issr></Prtry></BkTxCd><RltdPties><DbtrAcct><Id><IBAN>SK6211000000002934150060</IBAN></Id><Nm>Svidronova Eva</Nm></DbtrAcct><CdtrAcct><Id><IBAN>SK8809000000005149764503</IBAN></Id><Nm>Papezske misijne diela</Nm></CdtrAcct></RltdPties><RltdAgts><DbtrAgt><FinInstnId><BIC>TATRSKBX</BIC></FinInstnId></DbtrAgt><CdtrAgt><FinInstnId><BIC>GIBASKBX</BIC></FinInstnId></CdtrAgt></RltdAgts><RmtInf><Ustrd>/DO2023-01-30/SPMonika Komova adopcia seminaristu</Ustrd></RmtInf></TxDtls></NtryDtls></Ntry>
<Ntry><NtryRef>20230130-IZ568669809</NtryRef><Amt Ccy="EUR">50</Amt><CdtDbtInd>CRDT</CdtDbtInd><RvslInd>false</RvslInd><Sts>BOOK</Sts><BookgDt><Dt>2023-01-31</Dt></BookgDt><ValDt><Dt>2023-01-31</Dt></ValDt><BkTxCd><Prtry><Cd>10000403000</Cd><Issr>SBA</Issr></Prtry></BkTxCd><NtryDtls><TxDtls><Refs><MsgId>1349406-pacs.008-1</MsgId><AcctSvcrRef>F001310120233783246</AcctSvcrRef><EndToEndId>/VS77791106/SS/KS</EndToEndId></Refs><BkTxCd><Prtry><Cd>10000403000</Cd><Issr>SBA</Issr></Prtry></BkTxCd><RltdPties><DbtrAcct><Id><IBAN>SK5411110000001533955007</IBAN></Id><Nm>BABEJOVA EMILIA</Nm></DbtrAcct><CdtrAcct><Id><IBAN>SK8809000000005149764503</IBAN></Id><Nm>Papezske misijne diela</Nm></CdtrAcct></RltdPties><RltdAgts><DbtrAgt><FinInstnId><BIC>UNCRSKBX</BIC></FinInstnId></DbtrAgt><CdtrAgt><FinInstnId><BIC>GIBASKBX</BIC></FinInstnId></CdtrAgt></RltdAgts><RmtInf><Ustrd>PAY by square 77791106</Ustrd></RmtInf></TxDtls></NtryDtls></Ntry>
<Ntry><NtryRef>20230130-PRSCT00076497</NtryRef><Amt Ccy="EUR">20</Amt><CdtDbtInd>CRDT</CdtDbtInd><RvslInd>false</RvslInd><Sts>BOOK</Sts><BookgDt><Dt>2023-01-31</Dt></BookgDt><ValDt><Dt>2023-01-31</Dt></ValDt><BkTxCd><Prtry><Cd>10000403000</Cd><Issr>SBA</Issr></Prtry></BkTxCd><NtryDtls><TxDtls><Refs><MsgId>1349414-pacs.008-1</MsgId><AcctSvcrRef>F001310120233789916</AcctSvcrRef><EndToEndId>/VS333/SS/KS</EndToEndId></Refs><BkTxCd><Prtry><Cd>10000403000</Cd><Issr>SBA</Issr></Prtry></BkTxCd><RltdPties><DbtrAcct><Id><IBAN>SK8275000000004012616097</IBAN></Id><Nm>ZLACKA LYDIA</Nm></DbtrAcct><CdtrAcct><Id><IBAN>SK8809000000005149764503</IBAN></Id><Nm>Papezske misijne diela</Nm></CdtrAcct></RltdPties><RltdAgts><DbtrAgt><FinInstnId><BIC>CEKOSKBX</BIC></FinInstnId></DbtrAgt><CdtrAgt><FinInstnId><BIC>GIBASKBX</BIC></FinInstnId></CdtrAgt></RltdAgts><RmtInf><Ustrd>/DO2023-01-30/SPlydia.zlackaZAVINACyahoo.com</Ustrd></RmtInf></TxDtls></NtryDtls></Ntry>
<Ntry><NtryRef>2023-01-30/O:5M5DY3</NtryRef><Amt Ccy="EUR">20</Amt><CdtDbtInd>CRDT</CdtDbtInd><RvslInd>false</RvslInd><Sts>BOOK</Sts><BookgDt><Dt>2023-01-31</Dt></BookgDt><ValDt><Dt>2023-01-31</Dt></ValDt><BkTxCd><Prtry><Cd>10000403000</Cd><Issr>SBA</Issr></Prtry></BkTxCd><NtryDtls><TxDtls><Refs><MsgId>1349409-pacs.008-1</MsgId><AcctSvcrRef>F001310120233797978</AcctSvcrRef><EndToEndId>/VS77791064/SS/KS</EndToEndId></Refs><BkTxCd><Prtry><Cd>10000403000</Cd><Issr>SBA</Issr></Prtry></BkTxCd><RltdPties><Dbtr><Id><PrvtId><Othr><Id>638426</Id><Issr>HX086019</Issr></Othr></PrvtId></Id></Dbtr><DbtrAcct><Id><IBAN>SK2756000000006384268002</IBAN></Id><Nm>MAJDOVA MARIA</Nm></DbtrAcct><CdtrAcct><Id><IBAN>SK8809000000005149764503</IBAN></Id><Nm>Papezske misijne diela</Nm></CdtrAcct></RltdPties><RltdAgts><DbtrAgt><FinInstnId><BIC>KOMASK2X</BIC></FinInstnId></DbtrAgt><CdtrAgt><FinInstnId><BIC>GIBASKBX</BIC></FinInstnId></CdtrAgt></RltdAgts><RmtInf><Ustrd>/DO2023-01-30/SP</Ustrd></RmtInf></TxDtls></NtryDtls></Ntry>
<Ntry><NtryRef>2023-01-30/O:5M5ID3</NtryRef><Amt Ccy="EUR">10</Amt><CdtDbtInd>CRDT</CdtDbtInd><RvslInd>false</RvslInd><Sts>BOOK</Sts><BookgDt><Dt>2023-01-31</Dt></BookgDt><ValDt><Dt>2023-01-31</Dt></ValDt><BkTxCd><Prtry><Cd>10000403000</Cd><Issr>SBA</Issr></Prtry></BkTxCd><NtryDtls><TxDtls><Refs><MsgId>1349409-pacs.008-1</MsgId><AcctSvcrRef>F001310120233799964</AcctSvcrRef><EndToEndId>/VS7171/SS/KS</EndToEndId></Refs><BkTxCd><Prtry><Cd>10000403000</Cd><Issr>SBA</Issr></Prtry></BkTxCd><RltdPties><Dbtr><Id><PrvtId><Othr><Id>886708</Id><Issr>JD928302</Issr></Othr></PrvtId></Id></Dbtr><DbtrAcct><Id><IBAN>SK4956000000008867083001</IBAN></Id><Nm>JURE BLANKA</Nm></DbtrAcct><CdtrAcct><Id><IBAN>SK8809000000005149764503</IBAN></Id><Nm>Papezske misijne diela</Nm></CdtrAcct></RltdPties><RltdAgts><DbtrAgt><FinInstnId><BIC>KOMASK2X</BIC></FinInstnId></DbtrAgt><CdtrAgt><FinInstnId><BIC>GIBASKBX</BIC></FinInstnId></CdtrAgt></RltdAgts><RmtInf><Ustrd>/DO2023-01-30/SPMisijny samaritan</Ustrd></RmtInf></TxDtls></NtryDtls></Ntry>
<Ntry><NtryRef>2023-01-30/O:5M5NC6</NtryRef><Amt Ccy="EUR">10</Amt><CdtDbtInd>CRDT</CdtDbtInd><RvslInd>false</RvslInd><Sts>BOOK</Sts><BookgDt><Dt>2023-01-31</Dt></BookgDt><ValDt><Dt>2023-01-31</Dt></ValDt><BkTxCd><Prtry><Cd>10000403000</Cd><Issr>SBA</Issr></Prtry></BkTxCd><NtryDtls><TxDtls><Refs><MsgId>1349409-pacs.008-1</MsgId><AcctSvcrRef>F001310120233797760</AcctSvcrRef><EndToEndId>/VS200/SS/KS</EndToEndId></Refs><BkTxCd><Prtry><Cd>10000403000</Cd><Issr>SBA</Issr></Prtry></BkTxCd><RltdPties><Dbtr><Id><PrvtId><Othr><Id>256145</Id><Issr>HG106424</Issr></Othr></PrvtId></Id></Dbtr><DbtrAcct><Id><IBAN>SK9556000000002561454001</IBAN></Id><Nm>JURISOVA ALENA</Nm></DbtrAcct><CdtrAcct><Id><IBAN>SK8809000000005149764503</IBAN></Id><Nm>Papezske misijne diela</Nm></CdtrAcct></RltdPties><RltdAgts><DbtrAgt><FinInstnId><BIC>KOMASK2X</BIC></FinInstnId></DbtrAgt><CdtrAgt><FinInstnId><BIC>GIBASKBX</BIC></FinInstnId></CdtrAgt></RltdAgts><RmtInf><Ustrd>/DO2023-01-30/SP</Ustrd></RmtInf></TxDtls></NtryDtls></Ntry>
<Ntry><NtryRef>2023-01-30/O:5M5NC8</NtryRef><Amt Ccy="EUR">10</Amt><CdtDbtInd>CRDT</CdtDbtInd><RvslInd>false</RvslInd><Sts>BOOK</Sts><BookgDt><Dt>2023-01-31</Dt></BookgDt><ValDt><Dt>2023-01-31</Dt></ValDt><BkTxCd><Prtry><Cd>10000403000</Cd><Issr>SBA</Issr></Prtry></BkTxCd><NtryDtls><TxDtls><Refs><MsgId>1349409-pacs.008-1</MsgId><AcctSvcrRef>F001310120233797768</AcctSvcrRef><EndToEndId>/VS300/SS/KS</EndToEndId></Refs><BkTxCd><Prtry><Cd>10000403000</Cd><Issr>SBA</Issr></Prtry></BkTxCd><RltdPties><Dbtr><Id><PrvtId><Othr><Id>256145</Id><Issr>HG106424</Issr></Othr></PrvtId></Id></Dbtr><DbtrAcct><Id><IBAN>SK9556000000002561454001</IBAN></Id><Nm>JURISOVA ALENA</Nm></DbtrAcct><CdtrAcct><Id><IBAN>SK8809000000005149764503</IBAN></Id><Nm>Papezske misijne diela</Nm></CdtrAcct></RltdPties><RltdAgts><DbtrAgt><FinInstnId><BIC>KOMASK2X</BIC></FinInstnId></DbtrAgt><CdtrAgt><FinInstnId><BIC>GIBASKBX</BIC></FinInstnId></CdtrAgt></RltdAgts><RmtInf><Ustrd>/DO2023-01-30/SP</Ustrd></RmtInf></TxDtls></NtryDtls></Ntry>
<Ntry><NtryRef>2023-01-30/O:5M6TGZ</NtryRef><Amt Ccy="EUR">50</Amt><CdtDbtInd>CRDT</CdtDbtInd><RvslInd>false</RvslInd><Sts>BOOK</Sts><BookgDt><Dt>2023-01-31</Dt></BookgDt><ValDt><Dt>2023-01-31</Dt></ValDt><BkTxCd><Prtry><Cd>10000403000</Cd><Issr>SBA</Issr></Prtry></BkTxCd><NtryDtls><TxDtls><Refs><MsgId>1349409-pacs.008-1</MsgId><AcctSvcrRef>F001310120233796518</AcctSvcrRef><EndToEndId>NOTPROVIDED</EndToEndId></Refs><BkTxCd><Prtry><Cd>10000403000</Cd><Issr>SBA</Issr></Prtry></BkTxCd><RltdPties><Dbtr><Id><PrvtId><Othr><Id>531280</Id><Issr>HK556292</Issr></Othr></PrvtId></Id></Dbtr><DbtrAcct><Id><IBAN>SK8356000000005312808001</IBAN></Id><Nm>JURKEMIKOVA MARTA</Nm></DbtrAcct><CdtrAcct><Id><IBAN>SK8809000000005149764503</IBAN></Id><Nm>Papezske misijne diela</Nm></CdtrAcct></RltdPties><RltdAgts><DbtrAgt><FinInstnId><BIC>KOMASK2X</BIC></FinInstnId></DbtrAgt><CdtrAgt><FinInstnId><BIC>GIBASKBX</BIC></FinInstnId></CdtrAgt></RltdAgts><RmtInf><Ustrd>/DO2023-01-30/SPJozef Jurkemik, Lesna 6, Lutila</Ustrd></RmtInf></TxDtls></NtryDtls></Ntry>
<Ntry><NtryRef>20230130-PRSCT00039476</NtryRef><Amt Ccy="EUR">15</Amt><CdtDbtInd>CRDT</CdtDbtInd><RvslInd>false</RvslInd><Sts>BOOK</Sts><BookgDt><Dt>2023-01-31</Dt></BookgDt><ValDt><Dt>2023-01-31</Dt></ValDt><BkTxCd><Prtry><Cd>10000403000</Cd><Issr>SBA</Issr></Prtry></BkTxCd><NtryDtls><TxDtls><Refs><MsgId>1349400-pacs.008-1</MsgId><AcctSvcrRef>F001310120233801668</AcctSvcrRef><EndToEndId>/VS77791080/SS/KS</EndToEndId></Refs><BkTxCd><Prtry><Cd>10000403000</Cd><Issr>SBA</Issr></Prtry></BkTxCd><RltdPties><DbtrAcct><Id><IBAN>SK8075000000004029160356</IBAN></Id><Nm>DUDONOVA JULIA</Nm></DbtrAcct><CdtrAcct><Id><IBAN>SK8809000000005149764503</IBAN></Id><Nm>Papezske misijne diela</Nm></CdtrAcct></RltdPties><RltdAgts><DbtrAgt><FinInstnId><BIC>CEKOSKBX</BIC></FinInstnId></DbtrAgt><CdtrAgt><FinInstnId><BIC>GIBASKBX</BIC></FinInstnId></CdtrAgt></RltdAgts><RmtInf><Ustrd>/DO2023-01-30/SP</Ustrd></RmtInf></TxDtls></NtryDtls></Ntry>
<Ntry><NtryRef>25893542816</NtryRef><Amt Ccy="EUR">45</Amt><CdtDbtInd>CRDT</CdtDbtInd><RvslInd>false</RvslInd><Sts>BOOK</Sts><BookgDt><Dt>2023-01-31</Dt></BookgDt><ValDt><Dt>2023-01-31</Dt></ValDt><BkTxCd><Prtry><Cd>10000403000</Cd><Issr>SBA</Issr></Prtry></BkTxCd><NtryDtls><TxDtls><Refs><MsgId>1349421-pacs.008-1</MsgId><AcctSvcrRef>F001310120233809413</AcctSvcrRef><EndToEndId>/VS77791095/SS/KS</EndToEndId></Refs><BkTxCd><Prtry><Cd>10000403000</Cd><Issr>SBA</Issr></Prtry></BkTxCd><RltdPties><DbtrAcct><Id><IBAN>SK2183300000002000931429</IBAN></Id><Nm>Ing.Gabriela Casnochova</Nm></DbtrAcct><CdtrAcct><Id><IBAN>SK8809000000005149764503</IBAN></Id><Nm>Papezske misijne diela</Nm></CdtrAcct></RltdPties><RltdAgts><DbtrAgt><FinInstnId><BIC>FIOZSKBA</BIC></FinInstnId></DbtrAgt><CdtrAgt><FinInstnId><BIC>GIBASKBX</BIC></FinInstnId></CdtrAgt></RltdAgts></TxDtls></NtryDtls></Ntry>
<Ntry><NtryRef>01000003276849536</NtryRef><Amt Ccy="EUR">200</Amt><CdtDbtInd>CRDT</CdtDbtInd><RvslInd>false</RvslInd><Sts>BOOK</Sts><BookgDt><Dt>2023-01-31</Dt></BookgDt><ValDt><Dt>2023-01-31</Dt></ValDt><BkTxCd><Prtry><Cd>10000403000</Cd><Issr>SBA</Issr></Prtry></BkTxCd><NtryDtls><TxDtls><Refs><MsgId>1349420-pacs.008-1</MsgId><AcctSvcrRef>F001310120233816632</AcctSvcrRef><InstrId>01000003276849536</InstrId><EndToEndId>/VS0077791072/SS/KS</EndToEndId></Refs><BkTxCd><Prtry><Cd>10000403000</Cd><Issr>SBA</Issr></Prtry></BkTxCd><RltdPties><DbtrAcct><Id><IBAN>SK8283605207004203755401</IBAN></Id><Nm>JAROSLAV TIMKO</Nm></DbtrAcct><CdtrAcct><Id><IBAN>SK8809000000005149764503</IBAN></Id><Nm>Papezske misijne diela</Nm></CdtrAcct></RltdPties><RltdAgts><DbtrAgt><FinInstnId><BIC>BREXSKBX</BIC></FinInstnId></DbtrAgt><CdtrAgt><FinInstnId><BIC>GIBASKBX</BIC></FinInstnId></CdtrAgt></RltdAgts><RmtInf><Ustrd>/DO2023-01-30/SPPREVOD PROSTRIEDKOV</Ustrd></RmtInf></TxDtls></NtryDtls></Ntry>
<Ntry><NtryRef>01000003277475625</NtryRef><Amt Ccy="EUR">50</Amt><CdtDbtInd>CRDT</CdtDbtInd><RvslInd>false</RvslInd><Sts>BOOK</Sts><BookgDt><Dt>2023-01-31</Dt></BookgDt><ValDt><Dt>2023-01-31</Dt></ValDt><BkTxCd><Prtry><Cd>10000403000</Cd><Issr>SBA</Issr></Prtry></BkTxCd><NtryDtls><TxDtls><Refs><MsgId>1349420-pacs.008-1</MsgId><AcctSvcrRef>F001310120233816689</AcctSvcrRef><InstrId>01000003277475625</InstrId><EndToEndId>/VS0000000320/SS/KS</EndToEndId></Refs><BkTxCd><Prtry><Cd>10000403000</Cd><Issr>SBA</Issr></Prtry></BkTxCd><RltdPties><DbtrAcct><Id><IBAN>SK9283605207004204094430</IBAN></Id><Nm>FILIP HOSKO</Nm></DbtrAcct><CdtrAcct><Id><IBAN>SK8809000000005149764503</IBAN></Id><Nm>Papezske misijne diela</Nm></CdtrAcct></RltdPties><RltdAgts><DbtrAgt><FinInstnId><BIC>BREXSKBX</BIC></FinInstnId></DbtrAgt><CdtrAgt><FinInstnId><BIC>GIBASKBX</BIC></FinInstnId></CdtrAgt></RltdAgts><RmtInf><Ustrd>/DO2023-01-31/SPFILIP HOSKO</Ustrd></RmtInf></TxDtls></NtryDtls></Ntry>
<Ntry><NtryRef>01000003277476097</NtryRef><Amt Ccy="EUR">10</Amt><CdtDbtInd>CRDT</CdtDbtInd><RvslInd>false</RvslInd><Sts>BOOK</Sts><BookgDt><Dt>2023-01-31</Dt></BookgDt><ValDt><Dt>2023-01-31</Dt></ValDt><BkTxCd><Prtry><Cd>10000403000</Cd><Issr>SBA</Issr></Prtry></BkTxCd><NtryDtls><TxDtls><Refs><MsgId>1349420-pacs.008-1</MsgId><AcctSvcrRef>F001310120233817085</AcctSvcrRef><InstrId>01000003277476097</InstrId><EndToEndId>/VS0000000200/SS/KS</EndToEndId></Refs><BkTxCd><Prtry><Cd>10000403000</Cd><Issr>SBA</Issr></Prtry></BkTxCd><RltdPties><DbtrAcct><Id><IBAN>SK2583605207004205265844</IBAN></Id><Nm>LENKA DASKOVA</Nm></DbtrAcct><CdtrAcct><Id><IBAN>SK8809000000005149764503</IBAN></Id><Nm>Papezske misijne diela</Nm></CdtrAcct></RltdPties><RltdAgts><DbtrAgt><FinInstnId><BIC>BREXSKBX</BIC></FinInstnId></DbtrAgt><CdtrAgt><FinInstnId><BIC>GIBASKBX</BIC></FinInstnId></CdtrAgt></RltdAgts><RmtInf><Ustrd>/DO2023-01-31/SPLENKADASKOVA09 GMAIL.COM</Ustrd></RmtInf></TxDtls></NtryDtls></Ntry>
<Ntry><NtryRef>01000003277251479</NtryRef><Amt Ccy="EUR">50</Amt><CdtDbtInd>CRDT</CdtDbtInd><RvslInd>false</RvslInd><Sts>BOOK</Sts><BookgDt><Dt>2023-01-31</Dt></BookgDt><ValDt><Dt>2023-01-31</Dt></ValDt><BkTxCd><Prtry><Cd>10000403000</Cd><Issr>SBA</Issr></Prtry></BkTxCd><NtryDtls><TxDtls><Refs><MsgId>1349420-pacs.008-1</MsgId><AcctSvcrRef>F001310120233813434</AcctSvcrRef><InstrId>01000003277251479</InstrId><EndToEndId>/VS0000000320/SS/KS</EndToEndId></Refs><BkTxCd><Prtry><Cd>10000403000</Cd><Issr>SBA</Issr></Prtry></BkTxCd><RltdPties><DbtrAcct><Id><IBAN>SK4483605207004206232980</IBAN></Id><Nm>EVA PODOLINSKA</Nm></DbtrAcct><CdtrAcct><Id><IBAN>SK8809000000005149764503</IBAN></Id><Nm>Papezske misijne diela</Nm></CdtrAcct></RltdPties><RltdAgts><DbtrAgt><FinInstnId><BIC>BREXSKBX</BIC></FinInstnId></DbtrAgt><CdtrAgt><FinInstnId><BIC>GIBASKBX</BIC></FinInstnId></CdtrAgt></RltdAgts><RmtInf><Ustrd>/DO2023-01-30/SPEVA PODOLINSKA</Ustrd></RmtInf></TxDtls></NtryDtls></Ntry>
<Ntry><NtryRef>01000003277258712</NtryRef><Amt Ccy="EUR">25</Amt><CdtDbtInd>CRDT</CdtDbtInd><RvslInd>false</RvslInd><Sts>BOOK</Sts><BookgDt><Dt>2023-01-31</Dt></BookgDt><ValDt><Dt>2023-01-31</Dt></ValDt><BkTxCd><Prtry><Cd>10000403000</Cd><Issr>SBA</Issr></Prtry></BkTxCd><NtryDtls><TxDtls><Refs><MsgId>1349420-pacs.008-1</MsgId><AcctSvcrRef>F001310120233813435</AcctSvcrRef><InstrId>01000003277258712</InstrId><EndToEndId>/VS0077791102/SS/KS</EndToEndId></Refs><BkTxCd><Prtry><Cd>10000403000</Cd><Issr>SBA</Issr></Prtry></BkTxCd><RltdPties><DbtrAcct><Id><IBAN>SK4483605207004206232980</IBAN></Id><Nm>EVA PODOLINSKA</Nm></DbtrAcct><CdtrAcct><Id><IBAN>SK8809000000005149764503</IBAN></Id><Nm>Papezske misijne diela</Nm></CdtrAcct></RltdPties><RltdAgts><DbtrAgt><FinInstnId><BIC>BREXSKBX</BIC></FinInstnId></DbtrAgt><CdtrAgt><FinInstnId><BIC>GIBASKBX</BIC></FinInstnId></CdtrAgt></RltdAgts><RmtInf><Ustrd>/DO2023-01-30/SPPAY BY SQUARE 77791102</Ustrd></RmtInf></TxDtls></NtryDtls></Ntry>
<Ntry><NtryRef>01000003277043905</NtryRef><Amt Ccy="EUR">633</Amt><CdtDbtInd>CRDT</CdtDbtInd><RvslInd>false</RvslInd><Sts>BOOK</Sts><BookgDt><Dt>2023-01-31</Dt></BookgDt><ValDt><Dt>2023-01-31</Dt></ValDt><BkTxCd><Prtry><Cd>10000403000</Cd><Issr>SBA</Issr></Prtry></BkTxCd><NtryDtls><TxDtls><Refs><MsgId>1349420-pacs.008-1</MsgId><AcctSvcrRef>F001310120233814175</AcctSvcrRef><InstrId>01000003277043905</InstrId><EndToEndId>/VS0077791083/SS/KS</EndToEndId></Refs><BkTxCd><Prtry><Cd>10000403000</Cd><Issr>SBA</Issr></Prtry></BkTxCd><RltdPties><DbtrAcct><Id><IBAN>SK3383605207004201177732</IBAN></Id><Nm>JAN MACHOVCAK</Nm></DbtrAcct><CdtrAcct><Id><IBAN>SK8809000000005149764503</IBAN></Id><Nm>Papezske misijne diela</Nm></CdtrAcct></RltdPties><RltdAgts><DbtrAgt><FinInstnId><BIC>BREXSKBX</BIC></FinInstnId></DbtrAgt><CdtrAgt><FinInstnId><BIC>GIBASKBX</BIC></FinInstnId></CdtrAgt></RltdAgts><RmtInf><Ustrd>/DO2023-01-30/SPMISIJNE DIELA JEDLO NA 2 MESIACE</Ustrd></RmtInf></TxDtls></NtryDtls></Ntry>
<Ntry><NtryRef>01000003277475754</NtryRef><Amt Ccy="EUR">50</Amt><CdtDbtInd>CRDT</CdtDbtInd><RvslInd>false</RvslInd><Sts>BOOK</Sts><BookgDt><Dt>2023-01-31</Dt></BookgDt><ValDt><Dt>2023-01-31</Dt></ValDt><BkTxCd><Prtry><Cd>10000403000</Cd><Issr>SBA</Issr></Prtry></BkTxCd><NtryDtls><TxDtls><Refs><MsgId>1349420-pacs.008-1</MsgId><AcctSvcrRef>F001310120233814926</AcctSvcrRef><InstrId>01000003277475754</InstrId><EndToEndId>/VS0000000320/SS/KS</EndToEndId></Refs><BkTxCd><Prtry><Cd>10000403000</Cd><Issr>SBA</Issr></Prtry></BkTxCd><RltdPties><DbtrAcct><Id><IBAN>SK9383605207004206714576</IBAN></Id><Nm>MATEJ MADAR</Nm></DbtrAcct><CdtrAcct><Id><IBAN>SK8809000000005149764503</IBAN></Id><Nm>Papezske misijne diela</Nm></CdtrAcct></RltdPties><RltdAgts><DbtrAgt><FinInstnId><BIC>BREXSKBX</BIC></FinInstnId></DbtrAgt><CdtrAgt><FinInstnId><BIC>GIBASKBX</BIC></FinInstnId></CdtrAgt></RltdAgts><RmtInf><Ustrd>/DO2023-01-31/SPMATEJMADAR-GMAIL.COM</Ustrd></RmtInf></TxDtls></NtryDtls></Ntry>
<Ntry><NtryRef>01000003276908085</NtryRef><Amt Ccy="EUR">18</Amt><CdtDbtInd>CRDT</CdtDbtInd><RvslInd>false</RvslInd><Sts>BOOK</Sts><BookgDt><Dt>2023-01-31</Dt></BookgDt><ValDt><Dt>2023-01-31</Dt></ValDt><BkTxCd><Prtry><Cd>10000403000</Cd><Issr>SBA</Issr></Prtry></BkTxCd><NtryDtls><TxDtls><Refs><MsgId>1349420-pacs.008-1</MsgId><AcctSvcrRef>F001310120233815072</AcctSvcrRef><InstrId>01000003276908085</InstrId><EndToEndId>/VS0077791075/SS/KS</EndToEndId></Refs><BkTxCd><Prtry><Cd>10000403000</Cd><Issr>SBA</Issr></Prtry></BkTxCd><RltdPties><DbtrAcct><Id><IBAN>SK5183605207004202056713</IBAN></Id><Nm>MARIA GLOVOVA</Nm></DbtrAcct><CdtrAcct><Id><IBAN>SK8809000000005149764503</IBAN></Id><Nm>Papezske misijne diela</Nm></CdtrAcct></RltdPties><RltdAgts><DbtrAgt><FinInstnId><BIC>BREXSKBX</BIC></FinInstnId></DbtrAgt><CdtrAgt><FinInstnId><BIC>GIBASKBX</BIC></FinInstnId></CdtrAgt></RltdAgts><RmtInf><Ustrd>/DO2023-01-30/SPMILODAR ZA LENKU, TEREZKU A FRANTISKA - RIA.GLOVOVA-GMAIL.COM</Ustrd></RmtInf></TxDtls></NtryDtls></Ntry>
<Ntry><NtryRef>01000003276861580</NtryRef><Amt Ccy="EUR">5</Amt><CdtDbtInd>CRDT</CdtDbtInd><RvslInd>false</RvslInd><Sts>BOOK</Sts><BookgDt><Dt>2023-01-31</Dt></BookgDt><ValDt><Dt>2023-01-31</Dt></ValDt><BkTxCd><Prtry><Cd>10000403000</Cd><Issr>SBA</Issr></Prtry></BkTxCd><NtryDtls><TxDtls><Refs><MsgId>1349420-pacs.008-1</MsgId><AcctSvcrRef>F001310120233815271</AcctSvcrRef><InstrId>01000003276861580</InstrId><EndToEndId>NOTPROVIDED</EndToEndId></Refs><BkTxCd><Prtry><Cd>10000403000</Cd><Issr>SBA</Issr></Prtry></BkTxCd><RltdPties><DbtrAcct><Id><IBAN>SK1383605207004201635641</IBAN></Id><Nm>DARINA SMOLKOVA</Nm></DbtrAcct><CdtrAcct><Id><IBAN>SK8809000000005149764503</IBAN></Id><Nm>Papezske misijne diela</Nm></CdtrAcct></RltdPties><RltdAgts><DbtrAgt><FinInstnId><BIC>BREXSKBX</BIC></FinInstnId></DbtrAgt><CdtrAgt><FinInstnId><BIC>GIBASKBX</BIC></FinInstnId></CdtrAgt></RltdAgts><RmtInf><Ustrd>/DO2023-01-30/SPPRISPEVOK NA ZBIERKU</Ustrd></RmtInf></TxDtls></NtryDtls></Ntry>
<Ntry><NtryRef>FSY0013819868</NtryRef><Amt Ccy="EUR">10</Amt><CdtDbtInd>CRDT</CdtDbtInd><RvslInd>false</RvslInd><Sts>BOOK</Sts><BookgDt><Dt>2023-01-31</Dt></BookgDt><ValDt><Dt>2023-01-31</Dt></ValDt><BkTxCd><Prtry><Cd>10000403000</Cd><Issr>SBA</Issr></Prtry></BkTxCd><NtryDtls><TxDtls><Refs><AcctSvcrRef>F001310120233819870</AcctSvcrRef><EndToEndId>/VS77791118/SS/KS</EndToEndId></Refs><BkTxCd><Prtry><Cd>10000403000</Cd><Issr>SBA</Issr></Prtry></BkTxCd><RltdPties><DbtrAcct><Id><IBAN>SK1509000000000103823683</IBAN></Id><Nm>Jackova Amalia</Nm></DbtrAcct><CdtrAcct><Id><IBAN>SK8809000000005149764503</IBAN></Id><Nm>Papezske misijne diela</Nm></CdtrAcct></RltdPties><RltdAgts><DbtrAgt><FinInstnId><BIC>GIBASKBX</BIC></FinInstnId></DbtrAgt><CdtrAgt><FinInstnId><BIC>GIBASKBX</BIC></FinInstnId></CdtrAgt></RltdAgts><RmtInf><Ustrd>na sv.omse</Ustrd></RmtInf></TxDtls></NtryDtls></Ntry>
<Ntry><NtryRef>FSY0013821257</NtryRef><Amt Ccy="EUR">15</Amt><CdtDbtInd>CRDT</CdtDbtInd><RvslInd>false</RvslInd><Sts>BOOK</Sts><BookgDt><Dt>2023-01-31</Dt></BookgDt><ValDt><Dt>2023-01-31</Dt></ValDt><BkTxCd><Prtry><Cd>10000403000</Cd><Issr>SBA</Issr></Prtry></BkTxCd><NtryDtls><TxDtls><Refs><AcctSvcrRef>F001310120233821258</AcctSvcrRef><EndToEndId>/VS77791117/SS/KS</EndToEndId></Refs><BkTxCd><Prtry><Cd>10000403000</Cd><Issr>SBA</Issr></Prtry></BkTxCd><RltdPties><DbtrAcct><Id><IBAN>SK7609000000000171695716</IBAN></Id><Nm>Jura Martin</Nm></DbtrAcct><CdtrAcct><Id><IBAN>SK8809000000005149764503</IBAN></Id><Nm>Papezske misijne diela</Nm></CdtrAcct></RltdPties><RltdAgts><DbtrAgt><FinInstnId><BIC>GIBASKBX</BIC></FinInstnId></DbtrAgt><CdtrAgt><FinInstnId><BIC>GIBASKBX</BIC></FinInstnId></CdtrAgt></RltdAgts><RmtInf><Ustrd>anna jurova ,pri starom letisku 46 A, Bratislava 831 07 Veeeeelka vdaka!!</Ustrd></RmtInf></TxDtls></NtryDtls></Ntry>
<Ntry><NtryRef>OO23013100009490</NtryRef><Amt Ccy="EUR">20</Amt><CdtDbtInd>CRDT</CdtDbtInd><RvslInd>false</RvslInd><Sts>BOOK</Sts><BookgDt><Dt>2023-01-31</Dt></BookgDt><ValDt><Dt>2023-01-31</Dt></ValDt><BkTxCd><Prtry><Cd>10000405000</Cd><Issr>SBA</Issr></Prtry></BkTxCd><NtryDtls><TxDtls><Refs><AcctSvcrRef>F001310120233835384</AcctSvcrRef><EndToEndId>/VS77791096/SS/KS0308</EndToEndId></Refs><BkTxCd><Prtry><Cd>10000405000</Cd><Issr>SBA</Issr></Prtry></BkTxCd><RltdPties><DbtrAcct><Id><IBAN>SK3711000000002618839691</IBAN></Id><Nm>Vojtekova Eva</Nm></DbtrAcct><CdtrAcct><Id><IBAN>SK8809000000005149764503</IBAN></Id><Nm>Papezske misijne diela</Nm></CdtrAcct></RltdPties><RltdAgts><DbtrAgt><FinInstnId><BIC>TATRSKBX</BIC></FinInstnId></DbtrAgt><CdtrAgt><FinInstnId><BIC>GIBASKBX</BIC></FinInstnId></CdtrAgt></RltdAgts><RmtInf><Ustrd>Eva Vojtekova Tacevska 34 BJ</Ustrd></RmtInf></TxDtls></NtryDtls></Ntry>
<Ntry><NtryRef>FSY0013838668</NtryRef><Amt Ccy="EUR">25</Amt><CdtDbtInd>CRDT</CdtDbtInd><RvslInd>false</RvslInd><Sts>BOOK</Sts><BookgDt><Dt>2023-01-31</Dt></BookgDt><ValDt><Dt>2023-01-31</Dt></ValDt><BkTxCd><Prtry><Cd>10000403000</Cd><Issr>SBA</Issr></Prtry></BkTxCd><NtryDtls><TxDtls><Refs><AcctSvcrRef>F001310120233838671</AcctSvcrRef><EndToEndId>/VS4321/SS/KS</EndToEndId></Refs><BkTxCd><Prtry><Cd>10000403000</Cd><Issr>SBA</Issr></Prtry></BkTxCd><RltdPties><DbtrAcct><Id><IBAN>SK0509000000000096078995</IBAN></Id><Nm>SOFRANKOVA MARIA</Nm></DbtrAcct><CdtrAcct><Id><IBAN>SK8809000000005149764503</IBAN></Id><Nm>Papezske misijne diela</Nm></CdtrAcct></RltdPties><RltdAgts><DbtrAgt><FinInstnId><BIC>GIBASKBX</BIC></FinInstnId></DbtrAgt><CdtrAgt><FinInstnId><BIC>GIBASKBX</BIC></FinInstnId></CdtrAgt></RltdAgts><RmtInf><Ustrd>podpora deti</Ustrd></RmtInf></TxDtls></NtryDtls></Ntry>
<Ntry><NtryRef>FSY0013851509</NtryRef><Amt Ccy="EUR">10</Amt><CdtDbtInd>CRDT</CdtDbtInd><RvslInd>false</RvslInd><Sts>BOOK</Sts><BookgDt><Dt>2023-01-31</Dt></BookgDt><ValDt><Dt>2023-01-31</Dt></ValDt><BkTxCd><Prtry><Cd>10000403000</Cd><Issr>SBA</Issr></Prtry></BkTxCd><NtryDtls><TxDtls><Refs><AcctSvcrRef>F001310120233851512</AcctSvcrRef><EndToEndId>/VS4321/SS/KS</EndToEndId></Refs><BkTxCd><Prtry><Cd>10000403000</Cd><Issr>SBA</Issr></Prtry></BkTxCd><RltdPties><DbtrAcct><Id><IBAN>SK8509000000000285020848</IBAN></Id><Nm>Drahovska Elena</Nm></DbtrAcct><CdtrAcct><Id><IBAN>SK8809000000005149764503</IBAN></Id><Nm>Papezske misijne diela</Nm></CdtrAcct></RltdPties><RltdAgts><DbtrAgt><FinInstnId><BIC>GIBASKBX</BIC></FinInstnId></DbtrAgt><CdtrAgt><FinInstnId><BIC>GIBASKBX</BIC></FinInstnId></CdtrAgt></RltdAgts><RmtInf><Ustrd>drahovska.elena@gmail.com</Ustrd></RmtInf></TxDtls></NtryDtls></Ntry>
<Ntry><NtryRef>FSY0013852469</NtryRef><Amt Ccy="EUR">10</Amt><CdtDbtInd>CRDT</CdtDbtInd><RvslInd>false</RvslInd><Sts>BOOK</Sts><BookgDt><Dt>2023-01-31</Dt></BookgDt><ValDt><Dt>2023-01-31</Dt></ValDt><BkTxCd><Prtry><Cd>10000403000</Cd><Issr>SBA</Issr></Prtry></BkTxCd><NtryDtls><TxDtls><Refs><AcctSvcrRef>F001310120233852470</AcctSvcrRef><EndToEndId>/VS333/SS/KS</EndToEndId></Refs><BkTxCd><Prtry><Cd>10000403000</Cd><Issr>SBA</Issr></Prtry></BkTxCd><RltdPties><DbtrAcct><Id><IBAN>SK8509000000000285020848</IBAN></Id><Nm>Drahovska Elena</Nm></DbtrAcct><CdtrAcct><Id><IBAN>SK8809000000005149764503</IBAN></Id><Nm>Papezske misijne diela</Nm></CdtrAcct></RltdPties><RltdAgts><DbtrAgt><FinInstnId><BIC>GIBASKBX</BIC></FinInstnId></DbtrAgt><CdtrAgt><FinInstnId><BIC>GIBASKBX</BIC></FinInstnId></CdtrAgt></RltdAgts><RmtInf><Ustrd>drahovska.elena@gmail.com</Ustrd></RmtInf></TxDtls></NtryDtls></Ntry>
<Ntry><NtryRef>FSY0013882827</NtryRef><Amt Ccy="EUR">50</Amt><CdtDbtInd>CRDT</CdtDbtInd><RvslInd>false</RvslInd><Sts>BOOK</Sts><BookgDt><Dt>2023-01-31</Dt></BookgDt><ValDt><Dt>2023-01-31</Dt></ValDt><BkTxCd><Prtry><Cd>10000403000</Cd><Issr>SBA</Issr></Prtry></BkTxCd><NtryDtls><TxDtls><Refs><AcctSvcrRef>F001310120233882828</AcctSvcrRef><EndToEndId>/VS320/SS/KS</EndToEndId></Refs><BkTxCd><Prtry><Cd>10000403000</Cd><Issr>SBA</Issr></Prtry></BkTxCd><RltdPties><DbtrAcct><Id><IBAN>SK5509000000005127556850</IBAN></Id><Nm>Krejciova Miroslava</Nm></DbtrAcct><CdtrAcct><Id><IBAN>SK8809000000005149764503</IBAN></Id><Nm>Papezske misijne diela</Nm></CdtrAcct></RltdPties><RltdAgts><DbtrAgt><FinInstnId><BIC>GIBASKBX</BIC></FinInstnId></DbtrAgt><CdtrAgt><FinInstnId><BIC>GIBASKBX</BIC></FinInstnId></CdtrAgt></RltdAgts><RmtInf><Ustrd>Miroslava Krejciova</Ustrd></RmtInf></TxDtls></NtryDtls></Ntry>
<Ntry><NtryRef>FSY0013893750</NtryRef><Amt Ccy="EUR">20</Amt><CdtDbtInd>CRDT</CdtDbtInd><RvslInd>false</RvslInd><Sts>BOOK</Sts><BookgDt><Dt>2023-01-31</Dt></BookgDt><ValDt><Dt>2023-01-31</Dt></ValDt><BkTxCd><Prtry><Cd>10000403000</Cd><Issr>SBA</Issr></Prtry></BkTxCd><NtryDtls><TxDtls><Refs><AcctSvcrRef>F001310120233893752</AcctSvcrRef><EndToEndId>/VS333/SS/KS</EndToEndId></Refs><BkTxCd><Prtry><Cd>10000403000</Cd><Issr>SBA</Issr></Prtry></BkTxCd><RltdPties><DbtrAcct><Id><IBAN>SK5609000000000230798564</IBAN></Id><Nm>Obertova Beata,Valentova Magdalena</Nm></DbtrAcct><CdtrAcct><Id><IBAN>SK8809000000005149764503</IBAN></Id><Nm>Papezske misijne diela</Nm></CdtrAcct></RltdPties><RltdAgts><DbtrAgt><FinInstnId><BIC>GIBASKBX</BIC></FinInstnId></DbtrAgt><CdtrAgt><FinInstnId><BIC>GIBASKBX</BIC></FinInstnId></CdtrAgt></RltdAgts><RmtInf><Ustrd>Hlavna 92/13, 95305 Zlate Moravce</Ustrd></RmtInf></TxDtls></NtryDtls></Ntry>
<Ntry><NtryRef>OO23013100017138</NtryRef><Amt Ccy="EUR">1974</Amt><CdtDbtInd>CRDT</CdtDbtInd><RvslInd>false</RvslInd><Sts>BOOK</Sts><BookgDt><Dt>2023-01-31</Dt></BookgDt><ValDt><Dt>2023-01-31</Dt></ValDt><BkTxCd><Prtry><Cd>10000405000</Cd><Issr>SBA</Issr></Prtry></BkTxCd><NtryDtls><TxDtls><Refs><AcctSvcrRef>F001310120233916489</AcctSvcrRef><EndToEndId>NOTPROVIDED</EndToEndId></Refs><BkTxCd><Prtry><Cd>10000405000</Cd><Issr>SBA</Issr></Prtry></BkTxCd><RltdPties><DbtrAcct><Id><IBAN>SK2711000000002614773146</IBAN></Id><Nm>Snopkova Drahomira, Mgr.</Nm></DbtrAcct><CdtrAcct><Id><IBAN>SK8809000000005149764503</IBAN></Id><Nm>Papezske misijne diela</Nm></CdtrAcct></RltdPties><RltdAgts><DbtrAgt><FinInstnId><BIC>TATRSKBX</BIC></FinInstnId></DbtrAgt><CdtrAgt><FinInstnId><BIC>GIBASKBX</BIC></FinInstnId></CdtrAgt></RltdAgts><RmtInf><Ustrd>Cokoladky misie</Ustrd></RmtInf></TxDtls></NtryDtls></Ntry>
<Ntry><NtryRef>FSY0013916506</NtryRef><Amt Ccy="EUR">20</Amt><CdtDbtInd>CRDT</CdtDbtInd><RvslInd>false</RvslInd><Sts>BOOK</Sts><BookgDt><Dt>2023-01-31</Dt></BookgDt><ValDt><Dt>2023-01-31</Dt></ValDt><BkTxCd><Prtry><Cd>10000403000</Cd><Issr>SBA</Issr></Prtry></BkTxCd><NtryDtls><TxDtls><Refs><AcctSvcrRef>F001310120233916508</AcctSvcrRef><EndToEndId>/VS77791114/SS/KS</EndToEndId></Refs><BkTxCd><Prtry><Cd>10000403000</Cd><Issr>SBA</Issr></Prtry></BkTxCd><RltdPties><DbtrAcct><Id><IBAN>SK7409000000000182743082</IBAN></Id><Nm>Mgr. Petrasova Eva</Nm></DbtrAcct><CdtrAcct><Id><IBAN>SK8809000000005149764503</IBAN></Id><Nm>Papezske misijne diela</Nm></CdtrAcct></RltdPties><RltdAgts><DbtrAgt><FinInstnId><BIC>GIBASKBX</BIC></FinInstnId></DbtrAgt><CdtrAgt><FinInstnId><BIC>GIBASKBX</BIC></FinInstnId></CdtrAgt></RltdAgts><RmtInf><Ustrd>Bezhotovostny vklad</Ustrd></RmtInf></TxDtls></NtryDtls></Ntry>
<Ntry><NtryRef>FSY0013962860</NtryRef><Amt Ccy="EUR">10</Amt><CdtDbtInd>CRDT</CdtDbtInd><RvslInd>false</RvslInd><Sts>BOOK</Sts><BookgDt><Dt>2023-01-31</Dt></BookgDt><ValDt><Dt>2023-01-31</Dt></ValDt><BkTxCd><Prtry><Cd>10000403000</Cd><Issr>SBA</Issr></Prtry></BkTxCd><NtryDtls><TxDtls><Refs><AcctSvcrRef>F001310120233962861</AcctSvcrRef><EndToEndId>/VS77791131/SS/KS</EndToEndId></Refs><BkTxCd><Prtry><Cd>10000403000</Cd><Issr>SBA</Issr></Prtry></BkTxCd><RltdPties><DbtrAcct><Id><IBAN>SK4709000000000464447185</IBAN></Id><Nm>Velasova Eva</Nm></DbtrAcct><CdtrAcct><Id><IBAN>SK8809000000005149764503</IBAN></Id><Nm>Papezske misijne diela</Nm></CdtrAcct></RltdPties><RltdAgts><DbtrAgt><FinInstnId><BIC>GIBASKBX</BIC></FinInstnId></DbtrAgt><CdtrAgt><FinInstnId><BIC>GIBASKBX</BIC></FinInstnId></CdtrAgt></RltdAgts><RmtInf><Ustrd>Na umysel:za zdravie a Boziu pomoc pre pani Bozenku</Ustrd></RmtInf></TxDtls></NtryDtls></Ntry>
<Ntry><NtryRef>FSY0013963493</NtryRef><Amt Ccy="EUR">20</Amt><CdtDbtInd>CRDT</CdtDbtInd><RvslInd>false</RvslInd><Sts>BOOK</Sts><BookgDt><Dt>2023-01-31</Dt></BookgDt><ValDt><Dt>2023-01-31</Dt></ValDt><BkTxCd><Prtry><Cd>10000403000</Cd><Issr>SBA</Issr></Prtry></BkTxCd><NtryDtls><TxDtls><Refs><AcctSvcrRef>F001310120233963494</AcctSvcrRef><EndToEndId>/VS77791132/SS/KS</EndToEndId></Refs><BkTxCd><Prtry><Cd>10000403000</Cd><Issr>SBA</Issr></Prtry></BkTxCd><RltdPties><DbtrAcct><Id><IBAN>SK1509000000000103823683</IBAN></Id><Nm>Jackova Amalia</Nm></DbtrAcct><CdtrAcct><Id><IBAN>SK8809000000005149764503</IBAN></Id><Nm>Papezske misijne diela</Nm></CdtrAcct></RltdPties><RltdAgts><DbtrAgt><FinInstnId><BIC>GIBASKBX</BIC></FinInstnId></DbtrAgt><CdtrAgt><FinInstnId><BIC>GIBASKBX</BIC></FinInstnId></CdtrAgt></RltdAgts><RmtInf><Ustrd>amalia.jackova06@gmail.com</Ustrd></RmtInf></TxDtls></NtryDtls></Ntry>
<Ntry><NtryRef>FSY0013965621</NtryRef><Amt Ccy="EUR">60</Amt><CdtDbtInd>CRDT</CdtDbtInd><RvslInd>false</RvslInd><Sts>BOOK</Sts><BookgDt><Dt>2023-01-31</Dt></BookgDt><ValDt><Dt>2023-01-31</Dt></ValDt><BkTxCd><Prtry><Cd>10000403000</Cd><Issr>SBA</Issr></Prtry></BkTxCd><NtryDtls><TxDtls><Refs><AcctSvcrRef>F001310120233965622</AcctSvcrRef><EndToEndId>/VS77791134/SS/KS</EndToEndId></Refs><BkTxCd><Prtry><Cd>10000403000</Cd><Issr>SBA</Issr></Prtry></BkTxCd><RltdPties><DbtrAcct><Id><IBAN>SK1409000000000452036047</IBAN></Id><Nm>Goliasova Maria</Nm></DbtrAcct><CdtrAcct><Id><IBAN>SK8809000000005149764503</IBAN></Id><Nm>Papezske misijne diela</Nm></CdtrAcct></RltdPties><RltdAgts><DbtrAgt><FinInstnId><BIC>GIBASKBX</BIC></FinInstnId></DbtrAgt><CdtrAgt><FinInstnId><BIC>GIBASKBX</BIC></FinInstnId></CdtrAgt></RltdAgts><RmtInf><Ustrd>maria.goliasova@gmail.com</Ustrd></RmtInf></TxDtls></NtryDtls></Ntry>
<Ntry><NtryRef>FSY0013970520</NtryRef><Amt Ccy="EUR">310</Amt><CdtDbtInd>CRDT</CdtDbtInd><RvslInd>false</RvslInd><Sts>BOOK</Sts><BookgDt><Dt>2023-01-31</Dt></BookgDt><ValDt><Dt>2023-01-31</Dt></ValDt><BkTxCd><Prtry><Cd>10000403000</Cd><Issr>SBA</Issr></Prtry></BkTxCd><NtryDtls><TxDtls><Refs><AcctSvcrRef>F001310120233970521</AcctSvcrRef><EndToEndId>/VS77791133/SS/KS</EndToEndId></Refs><BkTxCd><Prtry><Cd>10000403000</Cd><Issr>SBA</Issr></Prtry></BkTxCd><RltdPties><DbtrAcct><Id><IBAN>SK2209000000000440617354</IBAN></Id><Nm>Hudakova Maria,Hudak Rafael</Nm></DbtrAcct><CdtrAcct><Id><IBAN>SK8809000000005149764503</IBAN></Id><Nm>Papezske misijne diela</Nm></CdtrAcct></RltdPties><RltdAgts><DbtrAgt><FinInstnId><BIC>GIBASKBX</BIC></FinInstnId></DbtrAgt><CdtrAgt><FinInstnId><BIC>GIBASKBX</BIC></FinInstnId></CdtrAgt></RltdAgts><RmtInf><Ustrd>Bezhotovostny vklad</Ustrd></RmtInf></TxDtls></NtryDtls></Ntry>
<Ntry><NtryRef>2303150000028195</NtryRef><Amt Ccy="EUR">36</Amt><CdtDbtInd>CRDT</CdtDbtInd><RvslInd>false</RvslInd><Sts>BOOK</Sts><BookgDt><Dt>2023-01-31</Dt></BookgDt><ValDt><Dt>2023-01-31</Dt></ValDt><BkTxCd><Prtry><Cd>10000405000</Cd><Issr>SBA</Issr></Prtry></BkTxCd><NtryDtls><TxDtls><Refs><AcctSvcrRef>F001310120233975406</AcctSvcrRef><EndToEndId>NOTPROVIDED</EndToEndId></Refs><BkTxCd><Prtry><Cd>10000405000</Cd><Issr>SBA</Issr></Prtry></BkTxCd><RltdPties><DbtrAcct><Id><IBAN>SK4702000000002496382856</IBAN></Id><Nm>Andrea Trencanova</Nm></DbtrAcct><CdtrAcct><Id><IBAN>SK8809000000005149764503</IBAN></Id><Nm>Papezske misijne diela</Nm></CdtrAcct></RltdPties><RltdAgts><DbtrAgt><FinInstnId><BIC>SUBASKBX</BIC></FinInstnId></DbtrAgt><CdtrAgt><FinInstnId><BIC>GIBASKBX</BIC></FinInstnId></CdtrAgt></RltdAgts><RmtInf><Ustrd>88891015</Ustrd></RmtInf></TxDtls></NtryDtls></Ntry>
<Ntry><NtryRef>RBV31013EK2VE5XC</NtryRef><Amt Ccy="EUR">20</Amt><CdtDbtInd>CRDT</CdtDbtInd><RvslInd>false</RvslInd><Sts>BOOK</Sts><BookgDt><Dt>2023-01-31</Dt></BookgDt><ValDt><Dt>2023-01-31</Dt></ValDt><BkTxCd><Prtry><Cd>10000403000</Cd><Issr>SBA</Issr></Prtry></BkTxCd><NtryDtls><TxDtls><Refs><MsgId>1349818-pacs.008-2</MsgId><AcctSvcrRef>F001310120233984682</AcctSvcrRef><InstrId>RBV31013EK2VE5XC</InstrId><EndToEndId>RBV31013EK2VE5XC</EndToEndId></Refs><BkTxCd><Prtry><Cd>10000403000</Cd><Issr>SBA</Issr></Prtry></BkTxCd><RltdPties><DbtrAcct><Id><IBAN>GB06HBUK40062181565559</IBAN></Id><Nm>Mrs Petra Cervantes</Nm></DbtrAcct><CdtrAcct><Id><IBAN>SK8809000000005149764503</IBAN></Id><Nm>Papezske misijne diela</Nm></CdtrAcct></RltdPties><RltdAgts><DbtrAgt><FinInstnId><BIC>HBUKGB4B</BIC></FinInstnId></DbtrAgt><CdtrAgt><FinInstnId><BIC>GIBASKBX</BIC></FinInstnId></CdtrAgt></RltdAgts><RmtInf><Ustrd>88891121</Ustrd></RmtInf></TxDtls></NtryDtls></Ntry>
<Ntry><NtryRef>FSY0013988664</NtryRef><Amt Ccy="EUR">20</Amt><CdtDbtInd>CRDT</CdtDbtInd><RvslInd>false</RvslInd><Sts>BOOK</Sts><BookgDt><Dt>2023-01-31</Dt></BookgDt><ValDt><Dt>2023-01-31</Dt></ValDt><BkTxCd><Prtry><Cd>10000403000</Cd><Issr>SBA</Issr></Prtry></BkTxCd><NtryDtls><TxDtls><Refs><AcctSvcrRef>F001310120233988665</AcctSvcrRef><EndToEndId>/VS333/SS/KS</EndToEndId></Refs><BkTxCd><Prtry><Cd>10000403000</Cd><Issr>SBA</Issr></Prtry></BkTxCd><RltdPties><DbtrAcct><Id><IBAN>SK6309000000000321562987</IBAN></Id><Nm>Oklapkova Katarina</Nm></DbtrAcct><CdtrAcct><Id><IBAN>SK8809000000005149764503</IBAN></Id><Nm>Papezske misijne diela</Nm></CdtrAcct></RltdPties><RltdAgts><DbtrAgt><FinInstnId><BIC>GIBASKBX</BIC></FinInstnId></DbtrAgt><CdtrAgt><FinInstnId><BIC>GIBASKBX</BIC></FinInstnId></CdtrAgt></RltdAgts><RmtInf><Ustrd>Katarina Oklapkova, pozehnanie pribytku</Ustrd></RmtInf></TxDtls></NtryDtls></Ntry>
<Ntry><Amt Ccy="EUR">4</Amt><CdtDbtInd>DBIT</CdtDbtInd><RvslInd>false</RvslInd><Sts>BOOK</Sts><BookgDt><Dt>2023-01-31</Dt></BookgDt><ValDt><Dt>2023-01-31</Dt></ValDt><BkTxCd><Prtry><Cd>40000605000</Cd><Issr>SBA</Issr></Prtry></BkTxCd><NtryDtls><TxDtls><Refs><AcctSvcrRef>9644030039</AcctSvcrRef><EndToEndId>/VS/SS/KS0898</EndToEndId></Refs><BkTxCd><Prtry><Cd>40000605000</Cd><Issr>SBA</Issr></Prtry></BkTxCd><RltdPties><DbtrAcct><Id><IBAN>SK8809000000005149764503</IBAN></Id></DbtrAcct></RltdPties><RltdAgts><DbtrAgt><FinInstnId><BIC>GIBASKBX</BIC></FinInstnId></DbtrAgt></RltdAgts><RmtInf><Ustrd>Poplatok za SMS sluzby Extra</Ustrd></RmtInf></TxDtls></NtryDtls></Ntry>
<Ntry><NtryRef>FSY0014052727</NtryRef><Amt Ccy="EUR">150</Amt><CdtDbtInd>CRDT</CdtDbtInd><RvslInd>false</RvslInd><Sts>BOOK</Sts><BookgDt><Dt>2023-01-31</Dt></BookgDt><ValDt><Dt>2023-01-31</Dt></ValDt><BkTxCd><Prtry><Cd>10000403000</Cd><Issr>SBA</Issr></Prtry></BkTxCd><NtryDtls><TxDtls><Refs><AcctSvcrRef>F001310120234052728</AcctSvcrRef><EndToEndId>/VS77791135/SS/KS</EndToEndId></Refs><BkTxCd><Prtry><Cd>10000403000</Cd><Issr>SBA</Issr></Prtry></BkTxCd><RltdPties><DbtrAcct><Id><IBAN>SK7909000000000621296676</IBAN></Id><Nm>Berezna Maria</Nm></DbtrAcct><CdtrAcct><Id><IBAN>SK8809000000005149764503</IBAN></Id><Nm>Papezske misijne diela</Nm></CdtrAcct></RltdPties><RltdAgts><DbtrAgt><FinInstnId><BIC>GIBASKBX</BIC></FinInstnId></DbtrAgt><CdtrAgt><FinInstnId><BIC>GIBASKBX</BIC></FinInstnId></CdtrAgt></RltdAgts><RmtInf><Ustrd>umysel za Moniku aby nasla opat cestu Buhu a celym srdcom ho milovalaa nasla pokoj srdci..</Ustrd></RmtInf></TxDtls></NtryDtls></Ntry>
<Ntry><NtryRef>FSY0014058237</NtryRef><Amt Ccy="EUR">10</Amt><CdtDbtInd>CRDT</CdtDbtInd><RvslInd>false</RvslInd><Sts>BOOK</Sts><BookgDt><Dt>2023-01-31</Dt></BookgDt><ValDt><Dt>2023-01-31</Dt></ValDt><BkTxCd><Prtry><Cd>10000403000</Cd><Issr>SBA</Issr></Prtry></BkTxCd><NtryDtls><TxDtls><Refs><AcctSvcrRef>F001310120234058239</AcctSvcrRef><EndToEndId>/VS200/SS/KS</EndToEndId></Refs><BkTxCd><Prtry><Cd>10000403000</Cd><Issr>SBA</Issr></Prtry></BkTxCd><RltdPties><DbtrAcct><Id><IBAN>SK9109000000005186000254</IBAN></Id><Nm>Magdalena Pasztorova</Nm></DbtrAcct><CdtrAcct><Id><IBAN>SK8809000000005149764503</IBAN></Id><Nm>Papezske misijne diela</Nm></CdtrAcct></RltdPties><RltdAgts><DbtrAgt><FinInstnId><BIC>GIBASKBX</BIC></FinInstnId></DbtrAgt><CdtrAgt><FinInstnId><BIC>GIBASKBX</BIC></FinInstnId></CdtrAgt></RltdAgts><RmtInf><Ustrd>Bezhotovostny vklad</Ustrd></RmtInf></TxDtls></NtryDtls></Ntry>
<Ntry><NtryRef>FSY0014067390</NtryRef><Amt Ccy="EUR">15</Amt><CdtDbtInd>CRDT</CdtDbtInd><RvslInd>false</RvslInd><Sts>BOOK</Sts><BookgDt><Dt>2023-01-31</Dt></BookgDt><ValDt><Dt>2023-01-31</Dt></ValDt><BkTxCd><Prtry><Cd>10000403000</Cd><Issr>SBA</Issr></Prtry></BkTxCd><NtryDtls><TxDtls><Refs><AcctSvcrRef>F001310120234067391</AcctSvcrRef><EndToEndId>NOTPROVIDED</EndToEndId></Refs><BkTxCd><Prtry><Cd>10000403000</Cd><Issr>SBA</Issr></Prtry></BkTxCd><RltdPties><DbtrAcct><Id><IBAN>SK8409000000000364279663</IBAN></Id><Nm>Kubikova Katarina</Nm></DbtrAcct><CdtrAcct><Id><IBAN>SK8809000000005149764503</IBAN></Id><Nm>Papezske misijne diela</Nm></CdtrAcct></RltdPties><RltdAgts><DbtrAgt><FinInstnId><BIC>GIBASKBX</BIC></FinInstnId></DbtrAgt><CdtrAgt><FinInstnId><BIC>GIBASKBX</BIC></FinInstnId></CdtrAgt></RltdAgts><RmtInf><Ustrd>Bezhotovostny vklad</Ustrd></RmtInf></TxDtls></NtryDtls></Ntry>
<Ntry><NtryRef>FSY0014072691</NtryRef><Amt Ccy="EUR">20</Amt><CdtDbtInd>CRDT</CdtDbtInd><RvslInd>false</RvslInd><Sts>BOOK</Sts><BookgDt><Dt>2023-01-31</Dt></BookgDt><ValDt><Dt>2023-01-31</Dt></ValDt><BkTxCd><Prtry><Cd>10000403000</Cd><Issr>SBA</Issr></Prtry></BkTxCd><NtryDtls><TxDtls><Refs><AcctSvcrRef>F001310120234072692</AcctSvcrRef><EndToEndId>NOTPROVIDED</EndToEndId></Refs><BkTxCd><Prtry><Cd>10000403000</Cd><Issr>SBA</Issr></Prtry></BkTxCd><RltdPties><DbtrAcct><Id><IBAN>SK7609000000000323741567</IBAN></Id><Nm>Kozon Michal</Nm></DbtrAcct><CdtrAcct><Id><IBAN>SK8809000000005149764503</IBAN></Id><Nm>Papezske misijne diela</Nm></CdtrAcct></RltdPties><RltdAgts><DbtrAgt><FinInstnId><BIC>GIBASKBX</BIC></FinInstnId></DbtrAgt><CdtrAgt><FinInstnId><BIC>GIBASKBX</BIC></FinInstnId></CdtrAgt></RltdAgts><RmtInf><Ustrd>Bezhotovostny vklad</Ustrd></RmtInf></TxDtls></NtryDtls></Ntry>
<Ntry><NtryRef>FSY0014075240</NtryRef><Amt Ccy="EUR">100</Amt><CdtDbtInd>CRDT</CdtDbtInd><RvslInd>false</RvslInd><Sts>BOOK</Sts><BookgDt><Dt>2023-01-31</Dt></BookgDt><ValDt><Dt>2023-01-31</Dt></ValDt><BkTxCd><Prtry><Cd>10000403000</Cd><Issr>SBA</Issr></Prtry></BkTxCd><NtryDtls><TxDtls><Refs><AcctSvcrRef>F001310120234075241</AcctSvcrRef><EndToEndId>/VS320/SS/KS</EndToEndId></Refs><BkTxCd><Prtry><Cd>10000403000</Cd><Issr>SBA</Issr></Prtry></BkTxCd><RltdPties><DbtrAcct><Id><IBAN>SK4409000000005147203040</IBAN></Id><Nm>Cernegova Daniela</Nm></DbtrAcct><CdtrAcct><Id><IBAN>SK8809000000005149764503</IBAN></Id><Nm>Papezske misijne diela</Nm></CdtrAcct></RltdPties><RltdAgts><DbtrAgt><FinInstnId><BIC>GIBASKBX</BIC></FinInstnId></DbtrAgt><CdtrAgt><FinInstnId><BIC>GIBASKBX</BIC></FinInstnId></CdtrAgt></RltdAgts><RmtInf><Ustrd>D. CERNEGOVA - VICTOR OULBA YISSA DOUBLA</Ustrd></RmtInf></TxDtls></NtryDtls></Ntry>
<Ntry><NtryRef>FSY0014078461</NtryRef><Amt Ccy="EUR">150</Amt><CdtDbtInd>CRDT</CdtDbtInd><RvslInd>false</RvslInd><Sts>BOOK</Sts><BookgDt><Dt>2023-01-31</Dt></BookgDt><ValDt><Dt>2023-01-31</Dt></ValDt><BkTxCd><Prtry><Cd>10000403000</Cd><Issr>SBA</Issr></Prtry></BkTxCd><NtryDtls><TxDtls><Refs><AcctSvcrRef>F001310120234078463</AcctSvcrRef><EndToEndId>/VS77791137/SS/KS</EndToEndId></Refs><BkTxCd><Prtry><Cd>10000403000</Cd><Issr>SBA</Issr></Prtry></BkTxCd><RltdPties><DbtrAcct><Id><IBAN>SK7309000000000504260367</IBAN></Id><Nm>Lendacky Miroslav</Nm></DbtrAcct><CdtrAcct><Id><IBAN>SK8809000000005149764503</IBAN></Id><Nm>Papezske misijne diela</Nm></CdtrAcct></RltdPties><RltdAgts><DbtrAgt><FinInstnId><BIC>GIBASKBX</BIC></FinInstnId></DbtrAgt><CdtrAgt><FinInstnId><BIC>GIBASKBX</BIC></FinInstnId></CdtrAgt></RltdAgts><RmtInf><Ustrd>Bezhotovostny vklad</Ustrd></RmtInf></TxDtls></NtryDtls></Ntry>
<Ntry><NtryRef>FSY0014098558</NtryRef><Amt Ccy="EUR">15</Amt><CdtDbtInd>CRDT</CdtDbtInd><RvslInd>false</RvslInd><Sts>BOOK</Sts><BookgDt><Dt>2023-01-31</Dt></BookgDt><ValDt><Dt>2023-01-31</Dt></ValDt><BkTxCd><Prtry><Cd>10000403000</Cd><Issr>SBA</Issr></Prtry></BkTxCd><NtryDtls><TxDtls><Refs><AcctSvcrRef>F001310120234098561</AcctSvcrRef><EndToEndId>NOTPROVIDED</EndToEndId></Refs><BkTxCd><Prtry><Cd>10000403000</Cd><Issr>SBA</Issr></Prtry></BkTxCd><RltdPties><DbtrAcct><Id><IBAN>SK8109000000000332053504</IBAN></Id><Nm>Kralikova Zuzana</Nm></DbtrAcct><CdtrAcct><Id><IBAN>SK8809000000005149764503</IBAN></Id><Nm>Papezske misijne diela</Nm></CdtrAcct></RltdPties><RltdAgts><DbtrAgt><FinInstnId><BIC>GIBASKBX</BIC></FinInstnId></DbtrAgt><CdtrAgt><FinInstnId><BIC>GIBASKBX</BIC></FinInstnId></CdtrAgt></RltdAgts><RmtInf><Ustrd>Bezhotovostny vklad</Ustrd></RmtInf></TxDtls></NtryDtls></Ntry>
<Ntry><NtryRef>FSY0014103550</NtryRef><Amt Ccy="EUR">50</Amt><CdtDbtInd>CRDT</CdtDbtInd><RvslInd>false</RvslInd><Sts>BOOK</Sts><BookgDt><Dt>2023-01-31</Dt></BookgDt><ValDt><Dt>2023-01-31</Dt></ValDt><BkTxCd><Prtry><Cd>10000403000</Cd><Issr>SBA</Issr></Prtry></BkTxCd><NtryDtls><TxDtls><Refs><AcctSvcrRef>F001310120234103551</AcctSvcrRef><EndToEndId>/VS77791140/SS/KS</EndToEndId></Refs><BkTxCd><Prtry><Cd>10000403000</Cd><Issr>SBA</Issr></Prtry></BkTxCd><RltdPties><DbtrAcct><Id><IBAN>SK1409000000000079802718</IBAN></Id><Nm>Pavlaskova Stefania, MUDr.</Nm></DbtrAcct><CdtrAcct><Id><IBAN>SK8809000000005149764503</IBAN></Id><Nm>Papezske misijne diela</Nm></CdtrAcct></RltdPties><RltdAgts><DbtrAgt><FinInstnId><BIC>GIBASKBX</BIC></FinInstnId></DbtrAgt><CdtrAgt><FinInstnId><BIC>GIBASKBX</BIC></FinInstnId></CdtrAgt></RltdAgts><RmtInf><Ustrd>Pavlaskova Stefania</Ustrd></RmtInf></TxDtls></NtryDtls></Ntry>
<Ntry><NtryRef>FSY0014110095</NtryRef><Amt Ccy="EUR">15</Amt><CdtDbtInd>CRDT</CdtDbtInd><RvslInd>false</RvslInd><Sts>BOOK</Sts><BookgDt><Dt>2023-01-31</Dt></BookgDt><ValDt><Dt>2023-01-31</Dt></ValDt><BkTxCd><Prtry><Cd>10000403000</Cd><Issr>SBA</Issr></Prtry></BkTxCd><NtryDtls><TxDtls><Refs><AcctSvcrRef>F001310120234110099</AcctSvcrRef><EndToEndId>/VS88891142/SS/KS</EndToEndId></Refs><BkTxCd><Prtry><Cd>10000403000</Cd><Issr>SBA</Issr></Prtry></BkTxCd><RltdPties><DbtrAcct><Id><IBAN>SK6109000000005030074652</IBAN></Id><Nm>Salekova Terezia</Nm></DbtrAcct><CdtrAcct><Id><IBAN>SK8809000000005149764503</IBAN></Id><Nm>Papezske misijne diela</Nm></CdtrAcct></RltdPties><RltdAgts><DbtrAgt><FinInstnId><BIC>GIBASKBX</BIC></FinInstnId></DbtrAgt><CdtrAgt><FinInstnId><BIC>GIBASKBX</BIC></FinInstnId></CdtrAgt></RltdAgts><RmtInf><Ustrd>(Bystry misionar) Terezia Melova, Petzvalova 75, Zilina 01015</Ustrd></RmtInf></TxDtls></NtryDtls></Ntry>
<Ntry><NtryRef>2303150000046458</NtryRef><Amt Ccy="EUR">10</Amt><CdtDbtInd>CRDT</CdtDbtInd><RvslInd>false</RvslInd><Sts>BOOK</Sts><BookgDt><Dt>2023-01-31</Dt></BookgDt><ValDt><Dt>2023-01-31</Dt></ValDt><BkTxCd><Prtry><Cd>10000405000</Cd><Issr>SBA</Issr></Prtry></BkTxCd><NtryDtls><TxDtls><Refs><AcctSvcrRef>F001310120234111671</AcctSvcrRef><EndToEndId>/VS77791145/SS/KS</EndToEndId></Refs><BkTxCd><Prtry><Cd>10000405000</Cd><Issr>SBA</Issr></Prtry></BkTxCd><RltdPties><DbtrAcct><Id><IBAN>SK1902000000004164654156</IBAN></Id><Nm>Helena Zamkovska</Nm></DbtrAcct><CdtrAcct><Id><IBAN>SK8809000000005149764503</IBAN></Id><Nm>Papezske misijne diela</Nm></CdtrAcct></RltdPties><RltdAgts><DbtrAgt><FinInstnId><BIC>SUBASKBX</BIC></FinInstnId></DbtrAgt><CdtrAgt><FinInstnId><BIC>GIBASKBX</BIC></FinInstnId></CdtrAgt></RltdAgts><RmtInf><Ustrd>PAY by square 77791145</Ustrd></RmtInf></TxDtls></NtryDtls></Ntry>
<Ntry><NtryRef>FSY0014116438</NtryRef><Amt Ccy="EUR">50</Amt><CdtDbtInd>CRDT</CdtDbtInd><RvslInd>false</RvslInd><Sts>BOOK</Sts><BookgDt><Dt>2023-01-31</Dt></BookgDt><ValDt><Dt>2023-01-31</Dt></ValDt><BkTxCd><Prtry><Cd>10000403000</Cd><Issr>SBA</Issr></Prtry></BkTxCd><NtryDtls><TxDtls><Refs><AcctSvcrRef>F001310120234116439</AcctSvcrRef><EndToEndId>/VS320/SS/KS0968</EndToEndId></Refs><BkTxCd><Prtry><Cd>10000403000</Cd><Issr>SBA</Issr></Prtry></BkTxCd><RltdPties><DbtrAcct><Id><IBAN>SK7809000000000552784624</IBAN></Id><Nm>Kubicova Maria</Nm></DbtrAcct><CdtrAcct><Id><IBAN>SK8809000000005149764503</IBAN></Id><Nm>Papezske misijne diela</Nm></CdtrAcct></RltdPties><RltdAgts><DbtrAgt><FinInstnId><BIC>GIBASKBX</BIC></FinInstnId></DbtrAgt><CdtrAgt><FinInstnId><BIC>GIBASKBX</BIC></FinInstnId></CdtrAgt></RltdAgts><RmtInf><Ustrd>Maria Kubicova Hlavna 99 Backov Pane zehnaj seminaristovi</Ustrd></RmtInf></TxDtls></NtryDtls></Ntry>
<Ntry><NtryRef>B1458316335-4</NtryRef><Amt Ccy="EUR">179</Amt><CdtDbtInd>DBIT</CdtDbtInd><RvslInd>false</RvslInd><Sts>BOOK</Sts><BookgDt><Dt>2023-01-31</Dt></BookgDt><ValDt><Dt>2023-01-31</Dt></ValDt><BkTxCd><Prtry><Cd>30000201000</Cd><Issr>SBA</Issr></Prtry></BkTxCd><NtryDtls><TxDtls><Refs><AcctSvcrRef>9644949364</AcctSvcrRef><EndToEndId>/VS/SS/KS0608</EndToEndId><ChqNb>454417******9985</ChqNb><ClrSysRef>B1458316335-4</ClrSysRef></Refs><BkTxCd><Prtry><Cd>30000201000</Cd><Issr>SBA</Issr></Prtry></BkTxCd><RltdPties><DbtrAcct><Id><IBAN>SK8809000000005149764503</IBAN></Id></DbtrAcct><Cdtr><Nm>ISTYLE BRATISLAVA-BRATISLAVA</Nm></Cdtr></RltdPties><RltdAgts><DbtrAgt><FinInstnId><BIC>GIBASKBX</BIC></FinInstnId></DbtrAgt></RltdAgts><RmtInf><Ustrd>Platba kartou</Ustrd></RmtInf></TxDtls></NtryDtls></Ntry>
<Ntry><NtryRef>FSY0014137200</NtryRef><Amt Ccy="EUR">137</Amt><CdtDbtInd>CRDT</CdtDbtInd><RvslInd>false</RvslInd><Sts>BOOK</Sts><BookgDt><Dt>2023-01-31</Dt></BookgDt><ValDt><Dt>2023-01-31</Dt></ValDt><BkTxCd><Prtry><Cd>10000403000</Cd><Issr>SBA</Issr></Prtry></BkTxCd><NtryDtls><TxDtls><Refs><AcctSvcrRef>F001310120234137202</AcctSvcrRef><EndToEndId>/VS77791148/SS/KS</EndToEndId></Refs><BkTxCd><Prtry><Cd>10000403000</Cd><Issr>SBA</Issr></Prtry></BkTxCd><RltdPties><DbtrAcct><Id><IBAN>SK2009000000000323637815</IBAN></Id><Nm>Kapicakova Zuzana</Nm></DbtrAcct><CdtrAcct><Id><IBAN>SK8809000000005149764503</IBAN></Id><Nm>Papezske misijne diela</Nm></CdtrAcct></RltdPties><RltdAgts><DbtrAgt><FinInstnId><BIC>GIBASKBX</BIC></FinInstnId></DbtrAgt><CdtrAgt><FinInstnId><BIC>GIBASKBX</BIC></FinInstnId></CdtrAgt></RltdAgts><RmtInf><Ustrd>Zuzka.kondelova@gmail.com</Ustrd></RmtInf></TxDtls></NtryDtls></Ntry>
<Ntry><Amt Ccy="EUR">430</Amt><CdtDbtInd>DBIT</CdtDbtInd><RvslInd>false</RvslInd><Sts>BOOK</Sts><BookgDt><Dt>2023-01-31</Dt></BookgDt><ValDt><Dt>2023-01-31</Dt></ValDt><BkTxCd><Prtry><Cd>10000404000</Cd><Issr>SBA</Issr></Prtry></BkTxCd><NtryDtls><TxDtls><Refs><AcctSvcrRef>F001310120234140333</AcctSvcrRef><EndToEndId>/VS20230101/SS/KS</EndToEndId></Refs><BkTxCd><Prtry><Cd>10000404000</Cd><Issr>SBA</Issr></Prtry></BkTxCd><RltdPties><DbtrAcct><Id><IBAN>SK8809000000005149764503</IBAN></Id><Nm>Papezske misijne diela</Nm></DbtrAcct><CdtrAcct><Id><IBAN>SK1111000000002930299108</IBAN></Id><Nm>Grobarcikova Lenka</Nm></CdtrAcct></RltdPties><RltdAgts><DbtrAgt><FinInstnId><BIC>GIBASKBX</BIC></FinInstnId></DbtrAgt><CdtrAgt><FinInstnId><BIC>TATRSKBX</BIC></FinInstnId></CdtrAgt></RltdAgts><RmtInf><Ustrd>Okamzita platba (EB)</Ustrd></RmtInf></TxDtls></NtryDtls></Ntry>
<Ntry><Amt Ccy="EUR">2.5</Amt><CdtDbtInd>DBIT</CdtDbtInd><RvslInd>false</RvslInd><Sts>BOOK</Sts><BookgDt><Dt>2023-01-31</Dt></BookgDt><ValDt><Dt>2023-01-31</Dt></ValDt><BkTxCd><Prtry><Cd>40000605000</Cd><Issr>SBA</Issr></Prtry></BkTxCd><NtryDtls><TxDtls><Refs><AcctSvcrRef>9646612048</AcctSvcrRef><EndToEndId>/VS/SS/KS0898</EndToEndId></Refs><BkTxCd><Prtry><Cd>40000605000</Cd><Issr>SBA</Issr></Prtry></BkTxCd><RltdPties><DbtrAcct><Id><IBAN>SK8809000000005149764503</IBAN></Id></DbtrAcct></RltdPties><RltdAgts><DbtrAgt><FinInstnId><BIC>GIBASKBX</BIC></FinInstnId></DbtrAgt></RltdAgts><RmtInf><Ustrd>Poplatok za vedenie uctu</Ustrd></RmtInf></TxDtls></NtryDtls></Ntry>
</Stmt></BkToCstmrStmt></Document>